3975 6334
129 346 182 405 Μ

505 339 654 400 DECRETl
672 339 768 396 PARS
785 337 955 396 SECUNDA.
970 332 1086 392 CAUSA
1105 331 1173 390 xul.
1191 330 1328 401 QUAEST.
1351 332 1385 388 ll.

1701 335 1754 392 938

128 458 334 526 Μωακιιι
343 454 462 527 piebibtu
477 453 624 509 debeatur!
641 451 707 518 illis,
726 469 743 507 o
762 451 856 523 quibus
869 449 917 505 ba·
927 453 956 510 A
968 464 1016 503 nec
1026 448 1105 502 etiam
1120 462 1210 502 rorum
1221 445 1408 506 decinentium
1422 448 1495 502 uobis
1507 454 1650 520 relinquere
1663 452 1754 512 sultis.

128 553 227 620 prisma
244 547 389 618 accidunt,
409 562 445 601 art
461 544 544 602 aliisi
558 543 616 600 Nos
637 561 681 600 eos
703 543 880 612 baptizamus.
894 555 918 598 et

129 655 174 696 sss
188 639 222 694 ab
239 639 277 692 eis
291 637 407 693 dscimtu
420 635 544 690 sanent
567 632 684 689 llouesta
699 633 750 688 isto
764 633 921 701 interpreta-

129 732 170 786 tio
179 740 219 788 est
235 746 246 784 .·
258 730 361 785 utinam
373 727 511 782 inuenietis
524 726 570 798 qui
577 727 616 780 sic
625 742 673 796 pro
683 725 753 779 uobis
764 726 920 794 intepreten-

129 821 194 878 tsrl
209 820 281 887 Quia
298 835 359 891 erqo
374 834 421 875 nos
436 818 552 888 riporum
568 816 694 888 populum
708 815 788 881 bunc,
804 814 915 871 imbrem

129 914 259 968 doctrin
279 913 304 967 ci
325 911 515 974 ntinistrantes,
533 908 597 978 quia
609 908 719 962 colimus
737 922 796 960 eum
818 921 921 961 uomere

130 1004 340 1076 predicationis,
358 1003 439 1057 corda
453 1001 510 1072 ejus
525 1000 560 1054 od
572 988 653 1070 fidens¹
666 999 823 1068 aperientes,
835 998 858 1051 si
868 1012 921 1052 non

131 1095 212 1152 rttltis
222 1096 318 1160 sinere,
333 1093 373 1148 rel
384 1093 526 1164 potiamini
539 1091 614 1146 nobis
634 1108 693 1146 eum
707 1089 879 1160 lucrificare,
895 1099 920 1142 et

133 1186 226 1258 qualia
249 1186 321 1241 nobis
335 1185 395 1254 fieri
414 1201 467 1240 uon
479 1184 556 1240 uultis
569 1184 644 1240 nobis
657 1183 755 1255 inferre
767 1190 864 1246 cauete,
878 1198 921 1244 rte,

132 1278 154 1333 si
165 1279 272 1349 pesqitis
283 1277 370 1331 dicere
381 1291 440 1347 quoe
453 1276 531 1331 uultis
542 1317 551 1343 ,
564 1275 750 1346 audiatisqutu
765 1290 818 1329 nors
827 1274 921 1328 uultis.

135 1384 148 1404 ·
166 1371 199 1427 tit
215 1370 291 1428 l‘scs.
315 1371 372 1444 59.
393 1368 648 1426 adimerentur
667 1370 773 1440 quidem
789 1378 814 1422 et
835 1366 922 1423 multi·

133 1462 196 1535 plici
210 1465 437 1535 repensitatione
446 1463 512 1536 jura
528 1473 620 1518 nostru
634 1461 741 1532 auferre
753 1460 920 1526 comesditis,

132 1559 172 1613 its
183 1565 224 1624 st,
237 1558 262 1613 si
278 1557 345 1626 tides
356 1556 440 1612 rubis
451 1555 631 1620 adhiberetur,
646 1570 697 1608 nors
714 1554 793 1608 uerba
804 1568 853 1624 pro
865 1567 921 1606 uer-

132 1647 184 1711 bis,
195 1646 240 1702 sed
255 1661 296 1701 res
307 1662 355 1716 pro
370 1645 452 1700 uerbis
463 1643 643 1714 reportaretis.
654 1641 717 1708 Sed,
729 1640 784 1696 lteo
794 1641 920 1712 propitia,

132 1737 158 1792 si
170 1737 247 1792 rerba
266 1735 387 1804 dedistis,
399 1736 476 1790 uerba
495 1734 634 1802 recipietis.
646 1732 661 1805 5
674 1733 717 1787 to.
728 1732 849 1804 Arquitis
861 1747 918 1797 nos,

973 538 1052 611 qli.
1079 536 1112 593 tle
1143 548 1229 593 autern
1255 539 1437 594 uniuersaliter
1465 543 1552 596 ontreia
1576 542 1754 614 colliqontur,

971 640 1078 696 cuneta,
1089 645 1148 701 qua
1158 645 1206 700 pro
1217 629 1290 683 robis
1302 629 1410 684 inducta
1423 643 1495 696 sunt,
1508 634 1560 688 sine
1572 634 1605 687 de
1621 634 1758 692 laborante

970 720 1098 797 tqricolo,
1115 722 1168 775 siue
1184 718 1217 772 de
1228 734 1271 786 eo,
1286 720 1331 790 qui
1349 721 1403 775 ruis
1419 721 1553 790 stipendiis
1573 738 1625 778 non
1648 725 1757 789 militat,

971 811 1006 864 ad
1021 810 1091 866 ltunc
1107 809 1248 866 articulum
1264 809 1417 880 deserimus,
1434 821 1461 866 ut
1474 813 1589 885 [ructum
1606 817 1684 870 uestri
1699 834 1761 887 ope·

971 901 1017 962 ris,
1030 916 1105 972 quent
1119 901 1184 956 adeo
1199 903 1312 972 recipere
1324 904 1488 968 contenditis,
1502 905 1529 959 iu
1544 903 1720 962 oblationibus
1734 916 1760 960 et
1779 921 1782 926 ·

972 993 1135 1062 quotidianis
1151 994 1280 1066 obsequiis
1296 997 1406 1050 istorum
1417 997 1559 1066 recipietis,
1574 999 1759 1056 decimationes

972 1109 1032 1149 sera
1054 1109 1155 1160 eorum,
1178 1111 1238 1164 qua
1256 1095 1329 1152 uobis
1346 1095 1482 1160 debentur,
1504 1097 1616 1150 irrtactns
1630 1097 1704 1151 nobis
1718 1113 1760 1152 re·

969 1180 1089 1252 linquite,
1112 1199 1154 1249 ne,
1177 1186 1239 1240 dum
1263 1185 1382 1257 quaeritis
1402 1201 1531 1256 usurpare
1548 1187 1618 1256 qaorl
1644 1199 1757 1242 bertram

971 1280 1087 1338 nonest,
1104 1273 1181 1341 justa
1203 1274 1430 1330 animaduersione
1449 1276 1528 1328 etium
1546 1275 1613 1330 illud
1629 1279 1759 1349 coqaruini

969 1365 1101 1426 amittere,
1118 1367 1187 1436 quod
1209 1367 1278 1421 uobis
1294 1367 1383 1436 aliquo
1404 1371 1481 1423 modo
1499 1369 1636 1424 uidebatur
1657 1385 1761 1440 cumpe-

970 1461 1037 1509 tere.
1052 1454 1066 1527 5
1081 1455 1125 1510 lb.
1144 1455 1220 1523 Quod
1238 1469 1327 1513 autem
1337 1461 1395 1514 ltere
1410 1461 1595 1517 decimationes
1609 1462 1683 1520 nullo
1695 1464 1760 1534 jare

971 1550 1043 1605 solis
1067 1551 1220 1618 debeantur,
1247 1551 1327 1621 lacile
1348 1553 1500 1623 probamus.
1521 1553 1628 1611 Dicitur
1648 1557 1760 1614 enimin

970 1646 1085 1714 quodem
1100 1645 1233 1702 concilio:
1249 1645 1277 1702 Si
1292 1647 1384 1718 ''qttis
1398 1649 1495 1714 laicas,
1506 1650 1547 1706 uel
1565 1651 1691 1718 clericus,
1703 1655 1761 1710 siue

973 1737 1115 1807 utriusque
1140 1754 1206 1794 sexu
1222 1754 1339 1809 persons
1359 1741 1534 1813 proprietatis
1547 1759 1603 1800 strue
1615 1743 1687 1811 lues,
1703 1755 1759 1804 etc.

131 1832 204 1902 qnod
216 1846 259 1897 ea,
284 1845 342 1901 qsce
362 1829 433 1883 robis
454 1827 593 1892 debentur,
614 1825 748 1894 subripere
768 1825 920 1894 quaerimus,
937 1814 1041 1880 Brtcar
1056 1828 1084 1881 iu
1104 1829 1194 1884 sedern
1209 1827 1324 1898 capitulo
1346 1833 1374 1886 irs
1400 1849 1482 1888 causa
1502 1837 1690 1892 monacltorum
1712 1853 1762 1893 tro·

132 1924 299 1994 quiusostra
313 1919 503 1990 persequimur.
519 1916 638 1987 Sapienti
653 1915 758 1988 quidem
772 1913 923 1984 etpltiloso·
973 1927 1031 1973 tata
1054 1919 1233 1974 inveniantur.
1258 1919 1289 1977 Si
1311 1939 1373 1993 erqo
1401 1923 1496 1992 laicus,
1521 1926 1560 1980 sel
1583 1925 1704 1994 cumeae,
1719 1929 1762 1984 sel

132 2008 528 2081 t²¹¹st⁰0f0t²l⁰b⁶lfl⁸mllblbssi
538 2023 613 2062 ‘blm
628 2004 923 2078 nerrerniesrneattena
972 2010 1094 2080 qualibet
1111 2027 1232 2079 persono,
1256 2013 1381 2070 locasute
1395 2016 1562 2086 proprietatis
1580 2018 1694 2074 ueniens
1713 2029 1761 2074 aut

133 2100 251 2172 rapere!
275 2098 351 2154 llnde
373 2101 408 2154 ad
429 2115 473 2154 ros
493 2098 549 2152 luec
569 2097 698 2153 sententia
720 2097 848 2162 nrananit,
870 2098 922 2152 nisi
973 2102 1086 2164 donans.
1113 2112 1267 2170 prouentum
1291 2105 1495 2162 decimationum
1518 2108 1551 2162 ab
1573 2108 1699 2177 melem,
1719 2112 1762 2165 asi

132 2195 198 2264 quia
213 2202 289 2247 tanta
307 2192 403 2247 ardore
413 2199 505 2246 nostra
525 2190 720 2260 concupiscitis,
735 2203 763 2244 ut
776 2199 861 2244 nestra
874 2205 923 2254 pu-
974 2191 1089 2262 leqitime
1104 2195 1255 2264 assiqtsntus
1268 2205 1316 2260 est,
1328 2195 1402 2251 nullo
1413 2199 1491 2254 modo
1501 2210 1584 2270 potest
1598 2201 1759 2270 rostratas,

133 2297 194 2342 tetts
221 2285 294 2341 uoltis
311 2285 428 2353 euterri,
451 2299 531 2354 quant
547 2299 595 2336 teos
614 2291 705 2337 nostra
721 2282 924 2352 consequimur?
974 2300 1021 2338 nec
1034 2285 1078 2340 isti
1095 2283 1129 2339 de
1142 2286 1247 2341 dioecesi
1260 2289 1296 2340 nd
1315 2288 1446 2343 diaecesim
1466 2298 1632 2348 transeunter
1649 2295 1764 2352 deetnss

135 2376 224 2440 Unde.
236 2391 317 2443 tm
335 2391 416 2430 cam
436 2386 525 2429 notltss
538 2372 654 2426 debiturn
665 2372 744 2442 finem
754 2373 849 2426 sortita
863 2372 924 2442 [tte-
973 2389 1084 2430 suorum
1098 2376 1271 2445 praediorum,
1287 2392 1347 2447 quse
1366 2378 1436 2434 intro
1455 2382 1580 2436 terminos
1602 2393 1699 2438 nostre
1710 2401 1759 2452 po·

134 2470 182 2536 rit,
194 2467 376 2522 ncmmabitis
393 2466 415 2498 ¹⁰
435 2466 497 2521 :Ale
522 2464 616 2530 miser,
637 2463 744 2518 crucior
760 2470 862 2516 tusrtusn
876 2463 925 2517 lto-
975 2465 1261 2534 reciderantinentur,
1278 2470 1353 2524 nabis
1368 2471 1474 2540 auferre
1492 2481 1610 2542 possunt.
1627 2473 1763 2539 Quantum

136 2560 193 2616 lutu
206 2573 269 2616 0⁵⁵0
288 2566 412 2628 effebum
427 2572 460 2611 ⁰¹
477 2554 610 2611 filicibus·
632 2551 686 2609 Sed
699 2553 791 2619 ”fideles
807 2570 838 2610 ²¹²
850 2553 924 2608 daut·
974 2558 1044 2614 enirn
1055 2558 1145 2627 adjus
1155 2559 1384 2628 percipiendarum
1397 2563 1559 2619 decimarum
1574 2565 1678 2629 attinet,
1692 2566 1762 2622 idern

136 2667 200 2706 num
223 2650 301 2721 effusi
322 2634 448 2721 unquenti
472 2646 543 2702 uobis
568 2662 765 2716 recompensare
785 2647 923 2718 quaeratis.
973 2658 1014 2704 est
1039 2665 1213 2720 pouesmrem
1235 2653 1268 2706 de
1293 2653 1398 2708 diuersi
1427 2655 1461 2709 ad
1484 2656 1614 2712 discessisse
1637 2659 1763 2726 tramine,

138 2741 317 2796 constituistis
352 2754 397 2794 nos
424 2737 586 2809 plantatores
617 2735 772 2800 siluarum,
810 2737 923 2806 fossores
974 2741 1048 2811 quod
1069 2745 1263 2810 ‚possessionen
1290 2745 1323 2799 de
1351 2748 1498 2804 triacum
1524 2750 1562 2803 ,q
1586 2750 1764 2808 mmmm

137 2849 273 2904 aqroruns,
282 2832 448 2887 trituratores
456 2828 923 2897 arearum,riqatorescanrporurn,et
973 2832 1129 2903 transferre.

136 2921 220 2976 multa
234 2922 289 2976 alio
299 2920 450 2990 hujusmodi
461 2921 544 2991 officia
552 2917 798 2983 uobisassuarsistis,
806 2929 829 2971 et
837 2918 924 2972 debita
1359 2936 1396 2949 -

136 3014 209 3070 nobis
222 3014 345 3083 obsequia
366 3029 383 3068 a
401 2997 475 3066 nobis
494 3011 615 3066 subtrolei
628 3011 763 3080 conquesti
783 3009 924 3065 suissed
994 3064 1000 3072 ,

135 3122 184 3161 reos
204 3121 258 3160 sos
281 3119 406 3174 mantus
418 3103 489 3174 quad
509 3111 624 3158 restrum
642 3112 692 3158 sst.
706 3099 771 3156 Boni
787 3101 923 3156 trituranti
948 3153 959 3176 ‚

135 3195 219 3265 paleae
243 3205 268 3251 et
291 3203 440 3266 tequtueuta
465 3203 614 3250 serenatur.
638 3193 710 3278 Sing
725 3195 781 3250 letes
805 3192 922 3259 uobis,et

135 3289 302 3358 qranonobis
312 3288 458 3360 relinquite.
466 3286 646 3343 Postinstores
659 3287 805 3353 siuearusn,
815 3295 927 3357 tonores

135 3395 261 3450 sqrorsns
283 3380 409 3450 riqotores
427 3395 590 3449 camporum,
616 3380 786 3450 frituratores
801 3396 924 3438 uteorum

137 3473 234 3528 diurno
244 3471 361 3528 mercede
376 3481 493 3540 occepta,
501 3472 679 3541 provenientes
692 3471 795 3541 [rudus
808 3473 924 3528 dominis

138 3564 299 3635 relinquunt.
317 3561 368 3618 Vos
378 3579 439 3634 erqo
456 3573 558 3633 recepte
571 3563 775 3618 mercederestri
791 3564 877 3634 operis
893 3564 921 3618 in

1254 3020 1441 3096 Quffisrto
1463 3024 1503 3088 ll.

1257 3117 1472 3178 numanus

1015 3231 1033 3285 l.
1046 3229 1125 3286 Pers.
1143 3232 1185 3286 ta
1202 3235 1258 3289 lter
1273 3249 1281 3288 t
1301 3233 1494 3291 Deeimutioner
1507 3239 1575 3307 lstee,
1588 3242 1636 3295 etsi
1645 3241 1707 3311 inre
1720 3259 1765 3298 no·

978 3321 1017 3375 bis
1030 3320 1167 3389 debentur,
1184 3332 1213 3380 stt
1229 3326 1362 3392 asseritis,
1382 3335 1468 3383 tomen
1485 3329 1638 3385 tricsrtnalis
1652 3332 1763 3402 objectio

978 3412 1049 3468 soils
1068 3413 1205 3471 silentium
1225 3416 1349 3483 imponit.
1370 3416 1465 3476 Omnis
1488 3423 1557 3477 enim
1574 3427 1701 3482 aossmsio
1715 3429 1764 3482 tri-

977 3505 1103 3560 cennaria
1127 3508 1328 3580 prescriptione
1349 3509 1463 3578 tollitur,
1492 3516 1535 3568 rel
1553 3514 1764 3587 quadraqtnaria

979 3597 1063 3669 (sicst
1077 3602 1253 3671 possessiones
1276 3603 1461 3673 reliqiusarum
1484 3607 1638 3680 clamorosis)
1653 3607 1691 3665 rel
1705 3623 1765 3666 cen·

135 3653 305 3725 quotidianis
318 3652 507 3720 oblationibus,
524 3665 548 3709 et
564 3653 627 3708 aliis
647 3653 785 3724 obsequiis,
804 3670 865 3723 quoe
878 3670 927 3727 pro

136 3744 337 3815 mmm
350 3760 409 3813 Μ
429 3761 446 3800 ‘⁸
467 3745 539 3800 νοω*
551 3743 698 3810 ‘mmm'
715 3744 834 3816 mm
856 3745 927 3816 “s‘'
1047 3784 1126 3842 ‘llnde
1142 3784 1269 3844 Gelenius
1288 3787 1359 3857 espa
1374 3789 1411 3842 ait
1429 3789 1555 3861 episeopis
1569 3789 1669 3849 Sicilie

140 3849 247 3902 seretur,
262 3837 442 3908 proueniuntes
453 3836 558 3905 fructus
580 3835 786 3908 decimationum
795 3845 821 3890 et
835 3837 924 3906 prinei·
1253 3875 1298 3929 ‘l-
1312 3859 1356 3914 fl,
1372 3859 1426 3915 ,j
1442 3861 1471 3914 ιἕ
1670 3833 1678 3848 ’

138 3932 238 3985 umens
253 3929 327 3984 nobis
338 3928 485 3999 relinquite.
500 3927 570 4000 ist·
583 3927 650 3982 ltem
662 3929 785 3999 praecepit
798 3926 927 3984 boninus
976 3949 1009 4005 c,
1035 3949 1055 4004 ι,
1081 3947 1150 4016 Qu„
1174 3951 1284 4032 mm
1299 3953 1381 4004 ms,
1396 3951 1428 4006 ,q
1450 3951 1578 4020 mm,
1597 3953 1765 4023 mm„

138 4021 275 4092 discipulis
299 4019 366 4086 suis,
391 4029 420 4072 ut
449 4019 610 4077 comederent
632 4030 658 4075 et
681 4021 794 4076 biberent
810 4037 927 4092 ca‚quu
1204 4037 1268 4089 ture
1280 4020 1362 4075 abeis
1375 4022 1554 4078 vendicantur.

138 4116 211 4185 epsd
228 4115 365 4169 auditores
379 4127 441 4167 suos
457 4123 544 4179 erant,
557 4113 603 4170 scd
613 4129 666 4168 narr
677 4113 759 4187 jussit
771 4112 821 4179 eis,
835 4113 922 4168 utdo·
1014 4113 1171 4170 Facultates
1185 4114 1318 4181 ecelesia,
1342 4130 1460 4172 necnon
1479 4123 1508 4170 et
1525 4116 1667 4186 aiacem,
1682 4119 1761 4173 'si··

139 4205 226 4260 nisos
239 4203 405 4260 dedentibus
417 4204 473 4260 suis
490 4205 626 4274 ejicerent,
636 4211 661 4258 et
667 4203 747 4261 rebus
761 4205 816 4258 suis
825 4203 924 4273 spolia·
977 4220 1040 4278 qrrae
1056 4206 1089 4260 ol)
1103 4203 1242 4278 aliquibus
1256 4204 1268 4237 ⁸
1282 4205 1456 4276 possidentur
1470 4205 1618 4277 episcopis,
1633 4207 1695 4278 jure
1707 4208 1760 4266 sibi

64 4343 71 4355 .
142 4306 210 4352 rent.
226 4294 288 4363 tto
300 4296 379 4366 facile
390 4297 527 4351 inuenietis
545 4296 590 4367 qui
605 4295 671 4350 tales
686 4293 801 4363 bospites
818 4294 928 4350 libenter
979 4296 1135 4362 veridicent,
1151 4296 1223 4366 quod
1238 4294 1395 4351 tricennalis
1410 4295 1452 4350 les
1470 4295 1481 4326 ⁸
1495 4295 1639 4363 conclusit,
1657 4299 1719 4370 quin
1736 4311 1764 4356 es

141 4388 299 4459 suscipiunt.
321 4386 383 4443 llus
404 4387 435 4443 in
458 4404 532 4457 pera,
558 4388 627 4457 iqnis
646 4387 675 4441 in
694 4387 766 4451 sirm,
783 4375 888 4456 serpens
898 4387 926 4440 in
979 4387 1265 4442 liliorum-nostrorum
1286 4387 1439 4459 principum
1461 4386 1498 4442 itu
1512 4388 1649 4444 emanarit
1666 4401 1764 4448 sucta·

141 4479 239 4549 premio
253 4477 323 4533 male
342 4495 403 4533 suos
417 4487 582 4533 remuneraret
602 4478 726 4550 ltospites.
740 4476 854 4533 lindein
863 4495 925 4548 pro·
943 4506 964 4561 D
980 4481 1056 4547 ritas,
1068 4489 1097 4532 ut
1113 4478 1183 4533 ttltru
1193 4476 1278 4534 XXX.
1292 4493 1378 4534 annos
1389 4477 1453 4533 nttlli
1471 4479 1549 4535 licent
1560 4494 1610 4552 pro
1622 4495 1656 4538 eo
1670 4483 1762 4556 appel·

142 4572 236 4628 rerbiis
249 4571 348 4627 dicitur
362 4584 372 4622 .·
388 4571 439 4637 Qui
455 4578 608 4641 serpentem
633 4571 660 4626 in
676 4571 736 4627 sinu
749 4571 850 4637 nutrit,
864 4587 926 4642 per·
979 4569 1046 4633 lure,
1058 4567 1134 4640 'quod
1144 4567 1235 4638 'legum
1257 4577 1363 4638 tempus
1380 4567 1480 4624 exltrsit
1490 4569 1517 4623 ¹¹.

140 4664 259 4720 omietur
274 4665 309 4720 sb
322 4678 366 4719 eo.
383 4661 460 4717 labes
477 4663 617 4718 inminutis
634 4663 704 4718 uobis
723 4662 847 4732 bospitss,
861 4677 928 4731 qua·
1012 4658 1136 4714 Gratiam
1158 4657 1191 4712 tt
1214 4658 1254 4712 illi
1271 4672 1399 4714 econtra:
1421 4657 1505 4729 Cujus
1523 4661 1763 4721 auctoritatenobis

141 4754 179 4812 les
198 4756 342 4811 nobisrtse
364 4754 452 4810 ruitis.
476 4753 537 4808 lion
551 4754 645 4825 sufficit
667 4755 738 4810 robis
751 4756 828 4808 edere
846 4765 872 4809 et
887 4756 928 4811 bi·
977 4751 1111 4807 sileretiurn
1131 4749 1279 4822 iraponitit,
1301 4751 1418 4817 eiusdem
1436 4756 1595 4819 auctoritate
1616 4766 1701 4810 restro
1715 4772 1764 4812 ora

143 4847 201 4904 bere
214 4865 273 4915 qua
285 4847 313 4901 iu
326 4848 404 4901 donea
421 4856 510 4901 nostra
522 4853 595 4912 sunt,
607 4843 670 4898 dum
688 4843 854 4915 quotidianos
866 4845 926 4914 [ru-
979 4843 1138 4897 claudimus.
1154 4843 1197 4896 lit
1220 4845 1289 4898 enine
1305 4843 1373 4898 idem
1397 4840 1519 4900 Gelasius
1543 4861 1552 4900 :
1573 4842 1650 4900 Nullo
1667 4851 1678 4885 ⁸
1693 4862 1763 4918 pru·

144 4951 202 4996 etus
216 4939 378 4994 oblationum
390 4937 540 5016 percipitis,
559 4934 695 5005 exquibus
708 4935 802 4988 nictum
812 4944 838 4988 et
852 4939 928 4992 sesti-
980 4932 1116 4988 sumtione
1129 4942 1231 4990 statum
1242 4934 1442 5005 parochiarum,
1456 4942 1508 4989 etc.
1519 4934 1550 4991 Si
1562 4953 1622 5008 erqo
1634 4945 1766 5006 tempora·

144 5039 201 5085 tum
222 5029 348 5093 babeatis,
370 5026 463 5096 quibus
488 5041 548 5080 cunt
567 5024 692 5096 Apostolo
713 5024 736 5056 ¹⁸
759 5025 857 5081 debetis
872 5035 950 5082 esse'
979 5023 1013 5077 iis
1028 5023 1282 5093 objectsodleeoesint
1297 5031 1379 5079 semel
1399 5025 1566 5080 constitutam
1580 5027 1764 5083 diseilereuou

143 5125 278 5190 contenti,·
304 5123 349 5179 sed
370 5138 424 5176 non
444 5121 534 5188 sultis,
554 5122 618 5193 quio
642 5120 788 5175 imitatores
806 5117 926 5189 ejuscron
980 5121 1074 5180 potest,
1088 5123 1169 5185 patet,
1189 5118 1259 5187 quod
1278 5133 1325 5171 nec
1339 5116 1410 5171 uobis
1421 5117 1641 5188 patrocinabitur,
1660 5131 1764 5189 ansta-

141 5221 217 5284 „qq
232 5219 374 5291 Μάρων,
386 5234 434 5274 „03
447 5217 479 5271 qq
494 5217 571 5272 dom„
582 5229 673 5273 „qm
690 5212 835 5285 appeten,
846 5219 871 5267 et
883 5228 928 5266 fe.
978 5213 1065 5258 tutum
1079 5207 1212 5276 parocltite
1230 5219 1327 5265 nostru
1350 5221 1494 5278 recusantes,
1510 5213 1694 5271 decimationes
1716 5228 1763 5267 no-

143 5309 192 5368 bas
205 5309 303 5365 sostris
319 5327 367 5366 nos
381 5313 483 5371 penitus
504 5307 651 5378 exspoliare
673 5302 849 5368 contenditis,
862 5302 924 5356 durn
979 5301 1021 5355 bis
1033 5303 1165 5372 quondam
1179 5306 1293 5376 leqilinee
1306 5308 1453 5379 assiqnatas
1477 5307 1627 5367 vindicabili
1650 5325 1761 5380 usurpa-

978 3693 1093 3760 tensrie,
1105 3695 1311 3768 sicstprtedieta
1326 3707 1423 3752 sanctes
1436 3697 1563 3754 Romanu
1578 3697 1702 3757 Ecclesia

110 5575 116 5580 ,
179 5512 477 5586 Quasr.l.P.lll.G.'l.
517 5505 1006 5572 ”Terentrtteanuueruente.
1047 5503 1336 5574 ”l'lim.u.tt,r.8.
1374 5511 1482 5569 ”inira
1495 5505 1762 5580 canalaus.

178 5592 288 5656 Qunsr.
301 5585 333 5643 ll.
343 5583 404 5640 P.l.
415 5582 445 5640 G.
456 5581 478 5641 Ι.
517 5580 589 5650 ‘Ep
604 5594 658 5636 scr.
673 5576 776 5642 Mil,
790 5580 995 5648 (apocryplracx
1013 5579 1145 5632 sententia
1158 5578 1332 5653 lierurdi).-
1344 5582 1441 5639 Bucen.
1458 5581 1616 5649 tuanen.
1626 5583 1692 5640 Ans.
1704 5579 1723 5637 l.
1752 5616 1761 5642 ‚

143 5675 170 5718 e.
183 5660 216 5716 lli
231 5659 298 5730 tib).
314 5653 487 5719 l’un.l.2,c.
500 5649 858 5718 85.-cl.l}.'lli,q.b,c.
881 5650 909 5702 2.
947 5647 1210 5716 'desidamus-
1248 5651 1339 5712 ’aliis
1368 5651 1659 5724 quibusquesliurclt.
1692 5646 1761 5706 ‘cb

144 5728 474 5804 numennumen.
492 5718 783 5788 XK1,relllL.unn.
821 5716 1173 5777 ⁸esclndr'tciidd.uoli.o.
1211 5717 1418 5792 ‘inlsuC.lb,
1442 5739 1470 5796 q.
1498 5723 1526 5790 3,
1547 5721 1621 5782 ab.

300 5823 440 5886 Persou.
458 5813 669 5883 ccxxxvii
1496 5815 1499 5823 ’
1538 5820 1578 5883 30
