3975 6334
130 347 183 407 ibi

505 339 655 400 naeuius
672 339 768 396 PARS
786 335 955 396 SECUNDA.
972 331 1087 392 CAUSA
1105 330 1173 390 xiii.
1191 329 1329 400 QUAEST.
1351 330 1385 386 ll.

1702 335 1755 391 958

130 459 334 527 Μαικία
344 455 463 528 plebibus
477 453 624 510 debentur?
642 451 707 518 iiiii,
727 469 743 506 o
762 452 857 522 quibus
870 449 918 505 bo·
927 453 956 511 Α
969 464 1017 503 nec
1026 447 1106 501 etiarn
1120 462 1210 502 corum
1221 445 1408 504 decimationes
1422 447 1496 502 uobis
1508 452 1651 519 rctrnquere
1664 450 1755 510 uultis.

129 553 227 621 peissun
245 549 390 618 accipiunt,
409 563 446 602 oe
461 545 545 602 attist
559 543 617 600 Nos
639 561 681 600 cos
704 543 880 613 baptizamus,
895 553 919 599 ct

131 657 176 697 ios
188 639 223 697 ab
240 641 278 694 eis
292 639 408 693 decimas
421 635 545 691 sumitis?
567 632 685 688 floucma
699 633 751 689 ista
765 632 922 700 interpreta-

131 734 171 788 tio
180 742 220 790 eit
236 747 246 786 .·
259 731 362 786 utinam
373 728 512 782 inuenietis
526 727 617 799 quisic
626 741 674 796 pro
684 725 754 780 cobis
765 725 921 796 intepreten-

131 822 195 878 ttiri
209 821 281 888 Quia
298 836 360 891 erqo
374 834 422 874 noi
436 819 553 889 mamus
569 817 694 888 poputum
709 815 789 881 bunc,
804 815 916 871 imbrem

131 915 259 970 Marinae
279 913 304 968 si
326 912 517 974 ininiitrasitcs,
534 908 598 979 qiiia
610 907 720 964 cadimus
737 923 797 960 cuin
817 922 922 962 cornere

132 1004 341 1076 predicationis,
359 1003 441 1058 corda
454 1001 511 1071 ejus
525 1001 561 1054 od
573 988 654 1069 iidem
667 999 824 1068 aperientes,
836 998 859 1051 si
869 1012 922 1052 non

132 1097 213 1154 ruitis
222 1097 319 1160 sinere,
334 1094 374 1149 cei
385 1094 527 1164 potiamini
540 1090 615 1146 nobis
635 1108 695 1146 euos
707 1089 880 1160 fructificare,
895 1099 920 1143 et

134 1187 227 1259 quaiia
250 1187 322 1242 nobis
336 1185 396 1255 fieri
415 1201 468 1240 non
480 1184 557 1240 ruitis
570 1184 645 1240 nobit
658 1184 756 1254 inferre
767 1190 865 1246 cauete,
879 1198 922 1244 ne,

133 1279 155 1335 si
166 1279 273 1350 perpitis
284 1278 371 1332 dicere
382 1292 441 1348 quoe
454 1277 532 1332 subtis
543 1318 552 1344 ,
565 1276 751 1345 audiatisqua
765 1289 819 1330 non
828 1274 922 1328 nutris.

136 1385 149 1406 ·
167 1372 201 1428 tu
216 1372 293 1430 Pure.
316 1372 373 1446 59.
394 1371 437 1426 Aa
450 1381 506 1428 ttae
521 1386 530 1425 .·
544 1368 649 1424 Caitida
668 1370 774 1440 quidem
789 1377 814 1422 ct
835 1366 923 1422 nouiti-

134 1463 197 1536 piici
211 1465 438 1535 assumentotione
447 1465 513 1534 jura
529 1473 621 1521 nostro
635 1461 741 1532 auterre
754 1461 920 1524 contruditis,

133 1559 173 1614 itu
184 1566 224 1624 ut,
238 1558 262 1614 si
279 1558 347 1627 tides
357 1557 441 1612 serbis
452 1554 632 1620 adbiberetur,
647 1570 698 1609 nou
715 1555 794 1608 acrba
805 1568 853 1624 pro
866 1568 922 1606 oer-

974 538 1053 611 qis.
1079 536 1112 593 tn
1143 546 1230 592 autern
1255 536 1437 592 uniuersaliter
1465 541 1552 593 onisiia
1576 541 1755 612 coidiqontur,

971 638 1078 696 cuncta,
1090 644 1149 700 quic
1159 644 1207 699 pro
1217 628 1290 682 iobis
1302 628 1411 683 inducta
1423 640 1496 693 sunt,
1508 631 1560 685 siae
1573 632 1606 685 de
1622 631 1759 690 laborante

971 719 1099 797 aqn'coia,
1116 722 1169 773 stoc
1185 718 1217 772 de
1229 733 1272 784 eo,
1286 718 1332 788 qui
1349 719 1404 772 suis
1419 719 1554 788 stipendiis
1574 737 1626 775 non
1649 722 1758 788 mititat,

972 811 1008 865 ad
1022 811 1092 864 bunc
1107 808 1249 865 articuiuni
1264 808 1417 879 descrimus,
1435 820 1462 864 ut
1474 811 1590 883 [ructum
1607 815 1684 868 uestri
1700 831 1761 887 ope·

971 900 1018 962 ris,
1030 915 1107 971 quent
1120 901 1185 956 odeo
1199 902 1313 973 recipere
1324 903 1489 966 contenditis,
1503 903 1530 956 in
1545 902 1721 961 oblationibus
1735 915 1761 959 et
1780 919 1783 926 '

973 991 1136 1063 quotidianis
1152 992 1280 1065 obsequiis
1296 996 1406 1048 istorum
1418 995 1560 1064 recipiatis,
1575 997 1760 1054 decimationes

972 1107 1033 1147 sero
1054 1109 1156 1159 eorum,
1179 1109 1239 1164 quo
1257 1095 1330 1150 nobis
1347 1094 1483 1159 debentur,
1504 1096 1617 1149 intactos
1631 1097 1705 1150 nobis
1719 1113 1761 1152 re·

970 1180 1091 1252 linquite,
1113 1199 1155 1248 ne,
1178 1185 1241 1239 dum
1264 1185 1383 1256 quaeritis
1403 1200 1532 1254 usurpare
1548 1187 1619 1254 quod
1645 1198 1758 1242 oestrum

972 1279 1088 1337 nonest,
1105 1273 1182 1342 justo
1205 1273 1430 1329 animaduersione
1449 1273 1529 1328 etiam
1547 1274 1614 1328 ittae
1630 1278 1760 1348 coqamini

971 1365 1102 1426 amittere,
1119 1366 1188 1435 quod
1210 1366 1279 1420 robis
1296 1366 1384 1436 atiquo
1405 1371 1482 1421 niodo
1499 1368 1637 1423 uidebatur
1658 1385 1762 1440 coinpc-

971 1461 1037 1510 tere.
1053 1454 1126 1527 513.
1145 1454 1222 1522 Quod
1239 1468 1328 1512 autem
1338 1460 1396 1514 boc
1410 1460 1596 1516 decimationes
1611 1461 1683 1519 nulio
1696 1464 1760 1533 jare

971 1550 1044 1604 uobis
1067 1550 1221 1617 debeantur,
1248 1551 1327 1620 {acite
1349 1552 1500 1622 probamus.
1522 1552 1628 1610 iiicitur
1649 1557 1760 1613 enieiiii

133 1648 186 1711 tiis,
196 1646 241 1702 sed
256 1662 297 1702 res
308 1663 356 1716 pro
371 1645 453 1700 serbis
464 1643 643 1715 reportaretis.
655 1641 719 1708 Sed,
730 1642 785 1697 beo
795 1641 921 1711 propitio,
971 1645 1087 1714 quodum
1101 1645 1234 1702 consitio:
1249 1646 1278 1702 si
1293 1647 1547 1718 nocentissimi
1566 1650 1691 1718 clericus,
1703 1653 1761 1709 siue

133 1739 159 1793 si
171 1737 248 1794 serbo
267 1736 388 1804 dedistis,
400 1735 477 1790 aerbo
496 1734 634 1803 recipietis.
647 1731 661 1806 i
675 1733 718 1788 to.
729 1732 850 1804 Arquitis
862 1747 919 1797 noi,
973 1737 1116 1808 utriusque
1141 1754 1207 1794 iesu
1223 1754 1340 1809 persons
1359 1741 1534 1812 proprietatis
1548 1757 1604 1798 siiae
1617 1744 1688 1811 ioca,
1704 1753 1760 1802 etc.

133 1832 205 1903 quod
217 1848 261 1898 ea,
285 1845 344 1902 quic
363 1830 434 1883 robis
454 1827 594 1892 debentur,
615 1825 749 1893 subripere
769 1824 921 1895 quaerimus,
938 1814 1085 1882 Bitensia
1104 1830 1195 1883 eodem
1210 1826 1325 1896 capitulo
1346 1831 1376 1886 iis
1400 1848 1482 1886 causa
1502 1837 1691 1892 momciiorutu
1711 1853 1763 1893 no·

133 1925 198 1995 quia
209 1933 300 1976 nostra
314 1920 505 1991 persequimur.
520 1916 639 1987 Sapienti
654 1915 759 1988 qnidam
773 1923 797 1970 et
807 1913 924 1984 piiiioso·
955 1958 957 1963 .
974 1927 1032 1973 tata
1055 1919 1234 1976 inueniuntur.
1259 1919 1290 1977 Si
1312 1938 1373 1992 erqo
1402 1924 1497 1990 iaicas,
1522 1925 1560 1980 sei
1584 1926 1708 1994 ciericos,
1722 1928 1763 1984 sci

133 2009 528 2082 piicooreproiatasentcntin,·
539 2023 614 2062 suam
628 2005 747 2077 persequi
756 2017 827 2060 estne
838 2004 924 2059 atiena
973 2009 1096 2081 qualibet
1112 2026 1232 2080 persons,
1257 2013 1382 2069 iocaeuce
1395 2015 1563 2084 proprietatis
1581 2017 1695 2072 ocudmn
1714 2028 1762 2072 aas

134 2101 252 2172 capim!
276 2098 352 2155 binde
374 2100 409 2155 ad
430 2115 474 2154 oos
495 2098 551 2154 boec
570 2097 699 2180 sententia
721 2097 849 2165 manauit,
872 2098 923 2152 nisi
974 2102 1087 2163 donans,
1114 2112 1267 2171 prouentum
1291 2105 1495 2162 decimationum
1519 2108 1552 2160 ab
1574 2109 1700 2175 matesis,
1719 2111 1763 2164 cui

133 2195 199 2264 quia
215 2203 290 2247 tanto
308 2193 404 2248 ardore
414 2199 506 2246 nostra
525 2189 721 2261 concupiscitis,
736 2203 764 2244 uc
777 2198 862 2244 cestra
875 2205 924 2255 pu-
975 2191 1090 2264 ieqitirne
1105 2194 1256 2264 assiqnatus
1268 2203 1317 2261 est,
1328 2195 1402 2251 neiio
1414 2199 1491 2254 modo
1502 2209 1585 2269 potest
1599 2200 1760 2269 abetrcbere,

134 2296 197 2342 tetis
223 2286 295 2342 uobis
313 2285 430 2353 anteiri,
452 2299 532 2354 quani
549 2299 596 2338 noi
614 2292 706 2337 nostra
723 2282 926 2351 consequimur?
975 2299 1021 2338 nec
1035 2285 1079 2338 isti
1096 2283 1130 2338 de
1143 2285 1247 2340 dioecesi
1261 2286 1297 2340 ad
1316 2287 1447 2342 marasim
1467 2299 1633 2348 transeuntes
1650 2294 1764 2353 decimas

137 2377 225 2440 Unde,
237 2391 318 2444 quain
336 2392 418 2430 causa
437 2386 526 2428 nostra
539 2373 655 2428 debitum
666 2372 850 2442 fisemsmsna
863 2372 924 2440 [iic-
974 2389 1084 2430 suorum
1100 2374 1271 2444 praediorum,
1288 2391 1348 2446 qece
1368 2377 1437 2432 intra
1455 2381 1581 2434 terminos
1603 2392 1700 2436 nostrae
1711 2399 1760 2452 pn-

135 2469 183 2536 rit,
196 2466 378 2523 asumensis
394 2466 416 2498 ¹⁸
436 2465 499 2520 :Ab
523 2464 617 2530 miser,
638 2464 746 2518 crucior
761 2471 863 2518 tacitum
877 2463 926 2518 bo-
976 2465 1074 2528 rociiiie
1084 2466 1262 2533 continemur,
1280 2469 1354 2522 nobis
1369 2471 1475 2540 auferre
1493 2481 1612 2540 possunt.
1628 2471 1764 2538 Quaerunt

138 2560 195 2616 ium
207 2573 270 2616 esse
289 2566 414 2628 ereptum
428 2572 461 2611 cx
478 2553 611 2611 iaticiims.
634 2551 687 2610 Sed
700 2553 792 2619 uidete,
807 2570 838 2609 ne
850 2553 925 2608 dani·
975 2558 1045 2612 enim
1056 2558 1091 2611 od
1099 2557 1146 2626 jus
1155 2558 1385 2625 percipiendarum
1399 2561 1560 2617 decimarum
1575 2563 1680 2628 attinet,
1693 2565 1763 2619 idern

138 2667 201 2707 nain
224 2650 303 2722 effusi
324 2648 449 2721 unquenti
473 2647 544 2702 cobis
569 2662 766 2716 recompensare
786 2646 924 2717 quamtis.
973 2657 1015 2702 est
1040 2647 1214 2719 paumeorcin
1235 2650 1268 2705 de
1294 2651 1399 2708 cimmo
1428 2654 1462 2708 od
1485 2654 1615 2712 dioecesim
1638 2659 1764 2725 tramite,

139 2741 319 2796 eonstituistis
354 2755 398 2793 sos
425 2737 587 2808 plantatores
618 2734 773 2800 uinearum,
811 2737 924 2804 fossores
974 2741 1049 2809 quod
1069 2743 1263 2810 possessiouem
1291 2743 1325 2798 de
1352 2747 1499 2802 cticsccsono
1526 2749 1562 2802 ad
1588 2749 1765 2809 diaecesanum

86 2872 90 2880 -
138 2849 275 2905 aprorum,
285 2827 924 2897 trituratoresarearum,ripatorescaniparunc,ct
974 2832 1130 2903 srausfssrs.

137 2922 223 2977 nauita
237 2922 292 2976 aiis
302 2921 451 2991 trojamque·
462 2920 544 2990 officio
553 2915 798 2981 iobisassumsistis,
806 2928 830 2971 et
838 2917 925 2971 debito
1361 2937 1397 2948 -

137 3014 211 3070 iobis
225 3013 348 3084 obsequia
368 3030 385 3068 a
402 2996 476 3066 nobis
495 3010 616 3066 subtrobi
630 3009 765 3080 conquesti
784 3010 857 3065 estis.
871 3008 925 3064 Sed
996 3063 1000 3070 ,

136 3121 186 3161 uos
206 3121 260 3161 noe
284 3119 407 3175 nequitus
419 3103 490 3173 quod
510 3110 625 3158 oestruus
643 3112 693 3156 ssi.
707 3098 771 3156 Rooi
788 3101 924 3156 trituranti

136 3194 220 3266 pobeoe
245 3205 269 3251 et
292 3203 441 3266 imumeucs
465 3203 615 3250 amantur.
639 3193 712 3279 ⁸3¹⁸ss
726 3193 783 3250 bisc
806 3193 923 3258 iobis,et

136 3289 303 3358 qrananobis
313 3288 459 3358 relinquite.
467 3285 647 3343 Pastinutorci
660 3287 805 3353 mucosum,
815 3294 928 3357 passeres

137 3395 262 3450 amorum
284 3379 410 3450 riqotores
429 3395 591 3448 camporum,
617 3379 787 3450 frituratores
802 3395 925 3437 crearunt

139 3473 235 3528 diurna
245 3472 363 3528 mercede
377 3479 495 3540 accepta,
503 3472 680 3540 proseriieetes
693 3470 796 3540 [riuus
809 3472 924 3527 dominis

140 3563 300 3634 rsiinquiint.
318 3561 369 3618 Vos
379 3578 441 3633 erqo
457 3574 559 3632 recepta
572 3563 689 3619 mercede
698 3563 776 3618 nestri
792 3563 878 3633 operis
895 3564 923 3617 in

1256 3019 1442 3094 QUAESTIO
1466 3024 1505 3086 ΙΙ.

1147 3163 1149 3172 ,
1258 3115 1474 3177 -ΰΙὶΔΤΙΑΝΗΒ,

1016 3230 1034 3284 Ι.
1047 3229 1126 3285 Pecs.
1144 3232 1186 3286 dd
1203 3232 1259 3289 bec
1275 3249 1282 3286 r
1302 3232 1495 3291 decimationes
1508 3239 1576 3306 istie,
1589 3240 1637 3294 etei
1646 3239 1708 3310 jure
1722 3257 1765 3296 so-

979 3320 1018 3375 tis
1031 3319 1168 3388 debentur,
1185 3332 1214 3379 ut
1230 3325 1364 3391 asseritis,
1381 3335 1470 3382 *temen
1487 3327 1639 3384 tricennalis
1654 3331 1764 3400 objectio

979 3411 1050 3468 cobis
1068 3413 1206 3470 sideritium
1227 3417 1350 3482 imponit.
1371 3416 1467 3475 Omnis
1490 3422 1559 3476 enirn
1574 3426 1703 3479 ooismsio
1717 3427 1765 3480 tri-

978 3505 1104 3559 cennaria
1128 3507 1329 3578 prescriptione
1350 3509 1465 3576 tciiitur,
1493 3514 1537 3566 oet
1554 3512 1765 3586 quadraqenaria

979 3595 990 3668 (
998 3598 1064 3652 sicat
1078 3601 1255 3670 possessiones
1278 3602 1462 3672 rsiiqiosarurn
1486 3604 1640 3678 comm)
1654 3607 1693 3664 oct
1706 3621 1766 3664 cers·

138 3653 306 3760 ww
319 3653 509 3720 ‘mmmm’
522 3665 549 3756 ,θ’
565 3652 790 3756 αι’-ξ’,οωιμῆἦ
805 3669 867 3757 Ψ
879 3671 928 3726 9⁷⁰
979 3677 1094 3759 teneda,
1106 3695 1176 3749 sieut
1185 3696 1313 3768 praedicta
1327 3707 1425 3751 sanctie
1437 3695 1565 3753 nomana
1579 3693 1702 3755 Ecciesin

138 3743 411 3815 spississimumque
430 3762 447 3800 a
468 3745 541 3800 robis
553 3755 699 3810 accipiunt,
717 3744 835 3816 quotidie
857 3745 928 3816 defe-

366 3837 372 3848 .
632 3835 638 3847 .
700 3836 706 3848 .
873 3838 878 3848 ,
1052 3784 1128 3842 Ueste
1143 3784 1270 3844 Gelestae
1289 3787 1361 3857 Papi
1375 3787 1412 3842 ait
1430 3788 1557 3860 episcopis
1571 3787 1680 3848 Sicilire.

142 3849 249 3902 rumor,
265 3845 444 3908 prosensentcs
454 3835 560 3904 fructus
582 3835 787 3891 decimationum
797 3845 822 3890 ct
835 3853 924 3906 pnnn-
1255 3875 1299 3929 ‘b
1313 3859 1358 3914 Π,
1373 3859 1428 3914 Μ
1443 3860 1451 3892 ι
1465 3875 1472 3912 ,

140 3933 240 3986 lim
254 3928 486 3998 midunium·
502 3927 571 4000 Μ·
584 3927 786 4001 mimmii*
799 3926 928 3984 minim
978 3949 1010 4006 G.
1036 3948 1057 4004 i.
1081 3947 1152 4018 Quo
1175 3951 1285 4032 inputo
1300 3951 1382 4004 'amris
1398 3950 1430 4005 ab
1452 3951 1579 4020 episcopis
1599 3951 1766 4021 possidentur

139 4021 277 4092 dmcipuis‘s
300 4019 368 4086 suis,
391 4029 421 4085 ut
450 4019 612 4077 comederent
633 4031 659 4076 et
682 4021 795 4076 biberent
811 4037 928 4092 ea,qusr
1205 4037 1269 4089 jare
1281 4020 1314 4075 ab
1326 4021 1363 4075 eis
1376 4022 1556 4077 vendicantur.

140 4116 213 4185 apud
230 4115 366 4170 auditores
381 4127 443 4169 suos
458 4123 545 4179 erunt,
559 4113 667 4170 sednon
678 4113 760 4186 p'ussit
772 4112 823 4179 eis,
836 4114 924 4173 utdo·
1015 4113 1320 4179 sscutioieseeotesio,
1343 4129 1394 4170 nec
1407 4129 1462 4171 nou
1481 4123 1510 4168 et
1527 4114 1669 4183 dioceses,
1683 4117 1762 4172 ἐν·

140 4206 228 4260 seinos
241 4205 274 4260 de
286 4204 407 4260 domibus
418 4205 475 4260 suis
492 4205 628 4275 ejicerent,
638 4203 749 4260 strabus
762 4204 818 4259 suis
827 4203 925 4274 spotia·
978 4220 1042 4278 quse
1057 4206 1091 4259 ab
1104 4203 1243 4277 aliquibus
1258 4203 1269 4236 ⁸
1284 4203 1457 4275 possidentur
1471 4204 1620 4276 episcopis.
1635 4205 1697 4276 iure
1709 4207 1761 4263 sibi

67 4343 73 4353 ,
143 4306 212 4352 rent.
227 4295 290 4363 Non
302 4297 380 4367 facite
391 4297 528 4352 inuenietis
546 4296 592 4368 qui
607 4295 674 4350 tates
688 4292 803 4363 bospites
820 4294 930 4349 libenter
980 4296 1137 4361 vendicent,
1153 4295 1224 4365 quod
1239 4294 1397 4350 tricennalis
1412 4293 1453 4349 ies
1471 4295 1483 4326 ⁸
1496 4295 1641 4362 conclusit,
1659 4297 1721 4368 quis
1738 4309 1765 4354 et

142 4388 301 4458 suscipiant.
323 4387 384 4442 iius
406 4388 436 4443 in
460 4404 534 4457 pera,
559 4388 629 4458 iqnts
648 4387 677 4440 in
696 4385 767 4450 sinu,
785 4375 929 4456 serpensiu
980 4387 1267 4442 iiiiorumnostrorum
1288 4387 1439 4458 principum
1463 4385 1499 4440 ita
1514 4387 1651 4442 emanarit
1668 4399 1765 4446 aucto-

142 4479 241 4549 qreinio
254 4477 325 4533 maie
343 4495 404 4533 suos
418 4487 584 4532 munerarii
604 4477 728 4549 bospites.
741 4477 927 4547 Undeinpro-
944 4505 966 4559 qq
981 4480 1057 4547 ritas,
1069 4487 1098 4532 ut
1114 4477 1184 4533 idtrs
1195 4474 1279 4533 XXX.
1294 4491 1380 4533 annos
1390 4477 1455 4532 siusili
1472 4478 1551 4533 liceat
1562 4493 1612 4550 pro
1622 4493 1658 4536 eo
1672 4481 1764 4553 eppei·

144 4571 237 4628 uerbiis
250 4573 373 4627 dicitur:
389 4571 440 4637 Qui
456 4578 610 4642 serpentem
635 4570 662 4625 in
677 4569 738 4626 sinu
751 4572 852 4637 nutrit,
866 4586 927 4640 per·
979 4568 1047 4632 late,
1059 4565 1135 4639 'quod
1145 4567 1237 4637 'tegani
1258 4576 1364 4638 tenipus
1381 4567 1481 4622 existuit
1492 4568 1518 4623 ¹⁸.

142 4663 261 4720 cudetur
275 4665 310 4720 sb
323 4678 368 4719 eo.
384 4661 461 4717 iales
478 4661 618 4718 mmutmts
636 4663 706 4717 cobis
725 4661 849 4732 despuas,
862 4677 929 4731 qua·
1014 4657 1138 4713 Graiium.
1159 4657 1192 4710 dt
1216 4656 1255 4712 iiii
1272 4672 1400 4712 ecoicira:
1422 4655 1507 4727 Cujus
1524 4659 1765 4720 auctoritatenobis

143 4754 181 4812 ies
200 4756 344 4810 nobisesse
365 4754 453 4809 ruitis.
477 4752 538 4808 dion
553 4754 646 4825 cuffiam
669 4755 740 4808 robis
752 4755 830 4808 edere
847 4765 873 4809 ee
888 4755 929 4809 bi·
979 4750 1112 4806 ridentium
1133 4749 1281 4821 iinporsitii,
1302 4749 1420 4816 ciusdem
1437 4755 1596 4818 auctoritate
1618 4765 1702 4809 restra
1717 4770 1765 4810 ors

144 4847 203 4903 bere
216 4864 274 4914 quse
286 4846 314 4901 in
327 4847 406 4901 domo
422 4856 511 4901 nostra
523 4853 597 4912 sunt,
609 4843 672 4898 dant
690 4844 855 4914 quotidianos
868 4845 927 4915 [ru-
980 4842 1140 4896 obaudimus.
1155 4843 1199 4896 dit
1222 4845 1290 4896 enini
1306 4842 1374 4896 idem
1399 4839 1520 4899 Gelasius
1544 4861 1554 4899 :
1574 4841 1651 4900 Nulla
1668 4850 1680 4884 ⁸
1695 4861 1765 4917 prse-

145 4951 203 4996 ctus
218 4937 379 4993 abiation‘usn
391 4937 541 5016 percipitis,
560 4934 696 5006 exquibus
710 4935 804 4989 nictum
814 4945 840 4990 et
853 4939 930 4993 iusti·
981 4931 1117 4986 saisitione
1131 4941 1233 4988 statum
1243 4933 1444 5004 parochiarum,
1457 4941 1510 4988 etc.
1521 4933 1551 4990 Si
1563 4951 1624 5006 erqo
1636 4943 1767 5004 tempora-

145 5039 203 5085 cum
222 5029 350 5093 babeatis,
371 5026 465 5096 quibus
490 5041 550 5081 cuni
569 5024 694 5096 Apostolo
715 5024 738 5056 ¹·
761 5026 858 5081 debetis
873 5033 951 5082 esse·
981 5021 1014 5076 lis
1030 5022 1140 5094 objectio
1151 5026 1283 5080 diaecesim
1299 5030 1381 5079 cernet
1401 5023 1568 5078 constitutam
1582 5025 1703 5082 diseiiere
1714 5043 1766 5082 nou

145 5125 279 5189 contcmi,·
305 5122 351 5177 sed
372 5138 425 5177 non
445 5122 536 5188 ruitis,
556 5121 620 5193 quia
643 5120 790 5176 imitatores
807 5117 927 5188 ejusuon
981 5121 1076 5180 potest,
1089 5123 1171 5184 patet,
1191 5116 1261 5185 quod
1280 5132 1326 5170 nec
1341 5115 1412 5170 robis
1423 5116 1643 5186 patrocinabitur,
1662 5129 1766 5188 ut,sto-

24 5215 28 5222 ·
143 5220 218 5283 am,
233 5218 279 5274 κά
289 5221 376 5290 pom„
388 5234 435 5274 πο,
448 5218 481 5272 q,
495 5219 572 5273 qm„
584 5228 675 5273 mm
692 5211 837 5284 mum,
848 5220 872 5266 ,q
885 5227 929 5266 η.
980 5213 1066 5258 iratum
1080 5206 1213 5274 parocbia·
1232 5218 1329 5263 nostra
1351 5220 1496 5276 scrutantes,
1511 5211 1696 5284 decimationes
1718 5228 1765 5266 no-

144 5309 193 5368 bus
207 5309 304 5365 nostris
321 5327 369 5366 uos
382 5312 484 5370 oenum
506 5307 653 5388 ecspoiiarc
675 5303 850 5368 contenditis,
863 5303 925 5357 dum
980 5301 1022 5354 bis
1034 5302 1167 5372 quondam
1181 5304 1295 5373 beqitimc
1308 5307 1455 5378 assiqnatas
1479 5306 1628 5365 uindicabiii
1652 5323 1763 5378 usurpa-

112 5573 118 5580 ,
180 5512 479 5586 assisteremus.
519 5506 1007 5571 '’Terentsiiesut.b.d,so.2,c.ii.
1049 5503 1179 5561 ”i'iirm
1192 5523 1218 5562 a.
1231 5511 1296 5574 tir.
1308 5507 1337 5564 8.
1375 5510 1484 5567 '¹iniru
1497 5504 1764 5580 C.i6,q.b,'e.bis

179 5581 480 5656 (cassationem.
519 5582 527 5614 ¹
541 5581 591 5650 Ep.
606 5594 660 5636 scr.
675 5577 778 5641 mibi,
792 5579 997 5649 (apoorqptsaex
1014 5579 1146 5632 sententia
1159 5578 1334 5652 neumatu-
1346 5580 1442 5637 burcii.
1460 5580 1618 5648 issatis.
1629 5583 1693 5638 Ans.
1706 5579 1725 5635 Ι.
1754 5615 1763 5641 ,

144 5674 171 5718 c.
184 5659 218 5716 19
232 5660 300 5731 tib).
315 5649 690 5719 Puri-i.2,c.bb.-ci.G.
704 5648 785 5718 ib,q.
798 5649 860 5712 b,c.
883 5650 911 5701 2.
949 5648 1066 5704 ’desid
1086 5649 1211 5717 opens.
1249 5651 1340 5709 ’aitis
1369 5650 1661 5722 quibusquciiiurcb.
1694 5645 1763 5705 ‘ci-

145 5728 476 5805 consumsisset.
495 5719 784 5788 xxxmoxnmm.
823 5715 1174 5777 ⁸eectaeiictatt.eott.o.
1212 5717 1419 5791 ‘intratum
1444 5738 1471 5795 q.
1500 5722 1528 5789 5,
1549 5720 1622 5781 ab.

302 5825 442 5888 ossam.
460 5813 670 5884 ccxxxvii.
1498 5812 1500 5823 '
1540 5818 1580 5882 30
