3975 6334
174 370 242 426 tuus
542 371 686 430 uscustt
705 373 794 432 tuus
812 371 981 433 secudum
1007 372 1123 432 CAUSA
1142 374 1239 430 lilii.
1257 373 1395 443 otim
1424 372 1445 428 Ι.
1734 373 1804 432 Μ
1908 427 1916 436 .

205 484 327 540 Gratim.
338 485 388 542 Sin
403 497 490 542 autem
506 498 518 529 0
532 503 566 544 ec
578 489 658 544 corde
675 505 723 544 cuo
736 505 828 546 nouam
840 490 962 546 iecedm
975 492 1001 550 A
1013 498 1045 545 ut
1062 503 1184 560 presens
1207 504 1281 556 eum,
1292 489 1340 560 qui
1355 489 1396 546 sie
1422 496 1552 559 operatus
1564 496 1616 548 ost.
1640 488 1668 545 iu
1693 489 1802 544 nomine

170 574 335 642 confinxerit,
351 591 447 647 eoquo
468 576 533 632 talia
555 579 701 648 predicare
722 579 816 648 carpit,
832 581 960 634 neminem
1016 580 1121 636 itumtni
1135 585 1220 638 uostrt'
1241 580 1304 638 iesu
1320 579 1434 645 Christi,
1462 578 1633 650 congregetis
1658 578 1746 641 votis.
1774 587 1803 633 et

169 669 296 726 damnare
309 672 403 739 potuit,
425 673 488 742 quio
510 687 557 729 nec
576 683 659 743 potest
681 673 793 746 deiicere
805 691 960 746 quemquam
1014 687 1075 728 meo
1085 673 1264 743 spirite,e1un
1276 673 1377 726 virtute
1389 669 1494 726 Domim
1510 672 1598 727 nostrl
1610 669 1800 740 lesuCltrietl,

166 765 224 833 jam
236 773 398 834 prostratur.
410 761 524 836 inpendi
539 783 651 838 namque
663 767 704 823 uel
716 765 833 823 soluendi
845 775 961 837 potestas
1013 765 1121 821 tradere
1145 764 1297 835 huiusmodi
1318 763 1457 820 homiuem
1477 761 1590 820 Sntnuue
1611 765 1638 820 in
1660 765 1800 821 interitum

170 855 248 920 uerit,
263 872 316 910 non
339 855 417 926 {alric
437 859 618 914 sucerdotiduc
633 877 649 914 u
665 859 779 914 Domino
799 859 896 914 tradita
910 867 958 916 est.
1012 857 1113 912 caruis.
1126 856 1159 912 ln
1176 873 1226 928 quo
1237 852 1350 928 formam
1361 855 1638 912 excommunicationis
1652 855 1800 918 ostendens,

168 945 300 1016 Apostolir
314 949 383 1002 enim
394 949 534 1004 dicturus:
549 949 670 1019 Quorum
690 951 712 984 ¹¹
726 951 887 1006 remiseritis
901 967 961 1021 pec·
1011 949 1110 1015 docuit,
1123 965 1176 1003 nan
1190 949 1242 1003 nisi
1254 948 1358 1018 fidelem
1370 961 1394 1006 et
1407 966 1424 1003 a
1439 948 1512 1018 fideli
1526 947 1681 1003 notandum.
1697 946 1733 1002 ln
1752 964 1801 1002 no-

169 1047 242 1107 cete,
257 1051 322 1106 ete,
335 1043 463 1109 premisit
480 1043 625 1114 :Accipite
640 1043 661 1076 ¹¹
677 1043 807 1114 Spiritum
822 1053 958 1107 sunctum,
1010 1041 1081 1096 cnine
1095 1056 1206 1111 namque
1227 1041 1333 1097 Domini
1356 1053 1434 1113 atque
1455 1030 1513 1111 ejus
1530 1041 1624 1095 uirtute
1645 1048 1801 1108 cooperante

169 1142 199 1186 ut
219 1131 351 1186 euidenter
367 1135 468 1188 cunctis
488 1135 650 1201 ostenderet,
671 1151 747 1202 cunc,
765 1137 809 1206 oui
827 1133 958 1205 Spiritum
1011 1151 1064 1188 non
1077 1135 1128 1190 nisi
1138 1135 1223 1203 fidelis
1234 1135 1335 1204 aliquid
1348 1135 1452 1203 operari
1462 1132 1545 1199 ualet,
1558 1149 1638 1203 qucum
1652 1147 1727 1185 nemo
1742 1147 1801 1200 pm·

168 1232 289 1278 cottctum
308 1241 360 1280 non
381 1225 474 1291 tradet,
488 1235 594 1296 peccata
610 1243 662 1281 non
676 1243 750 1298 poete
767 1238 854 1283 tenere
866 1229 905 1282 uel
918 1243 960 1282 re·
1009 1227 1045 1280 eit
1060 1224 1146 1281 dicere
1159 1227 1193 1280 ¹¹:
1208 1224 1340 1281 Dominus
1354 1225 1443 1290 lesus,
1465 1223 1516 1280 uisi
1530 1224 1557 1278 iu
1571 1221 1675 1294 Spiritu
1686 1229 1793 1276 sancto.

142 1357 143 1362 ,
168 1312 282 1367 mittere.
308 1309 395 1369 Porro
418 1312 548 1386 Spiritum
571 1327 691 1371 sanctum
714 1335 788 1373 nemo
810 1319 862 1374 nisi
887 1319 960 1374 lntca
1011 1317 1089 1386 item,
1105 1335 1183 1390 quum
1196 1319 1323 1374 Dominus
1340 1319 1478 1390 pcolciieat
1488 1331 1585 1387 opnum
1605 1314 1706 1368 comedi
1725 1321 1800 1368 ectca

168 1401 303 1458 eccleciam
323 1405 434 1472 accipit,
456 1409 519 1478 quia
537 1418 561 1462 et
579 1409 664 1478 ipsam
685 1409 813 1464 unitatem
836 1427 882 1480 pec
897 1426 959 1480 pra·
1010 1405 1713 1479 cotlcolicameccleciam,quiprolcetiouefideiaiea
1735 1409 1800 1458 sunt

169 1496 233 1575 tiam
247 1495 322 1564 lacit.
337 1495 351 1569 5
368 1498 395 1554 i.
407 1496 483 1553 Unde
497 1515 549 1554 non
571 1501 623 1556 nisi
642 1502 807 1572 couprcpatic
828 1501 856 1555 iu
878 1517 959 1556 unum
1009 1502 1142 1569 olieni,oi
1156 1502 1214 1573 ep'ue
1227 1502 1437 1573 participatione,
1452 1515 1532 1570 quam
1543 1513 1591 1553 suo
1607 1497 1717 1551 artium
1733 1493 1795 1549 cell·

168 1586 317 1642 dictumest
329 1589 467 1663 :Accipite
477 1589 607 1661 Spiritum
617 1603 754 1660 sunctum,
764 1609 810 1648 nec
821 1593 872 1648 nisi
881 1607 959 1663 super
1008 1603 1132 1665 querunt,
1144 1611 1195 1650 non
1207 1593 1381 1666 repelluntur,
1389 1591 1515 1648 cedoiire
1524 1589 1720 1664 permittuntur,
1732 1589 1801 1641 sieut

169 1689 340 1750 conprepatoe
355 1684 382 1736 in
398 1697 479 1737 unum
491 1685 533 1737 die
542 1691 703 1751 pentecostes
719 1685 741 1718 ¹¹
753 1684 886 1740 descendit
900 1681 962 1752 Spi·
1012 1687 1066 1750 illi,
1083 1689 1129 1758 qui
1143 1690 1279 1744 oudientee
1291 1687 1329 1743 ¹¹:
1352 1685 1410 1741 Nisi
1433 1683 1664 1746 manducaveritis
1688 1695 1799 1739 monem

169 1770 236 1824 citur
251 1783 367 1828 canetur.
382 1772 456 1830 Sicut
472 1785 560 1829 cutem
579 1786 654 1832 extra
668 1775 802 1832 eccleciam
818 1793 870 1832 non
887 1777 956 1833 ucci-
1010 1777 1058 1833 utu
1074 1780 1203 1844 hominis,
1218 1787 1246 1837 et
1257 1779 1383 1836 biberitis
1397 1775 1455 1847 ejus
1466 1777 1640 1848 sauguinem,
1654 1775 1799 1841 ece-,dce-

167 1861 249 1929 pitur,
264 1861 303 1915 ita
313 1872 387 1918 cutm
398 1880 455 1919 eam
470 1864 535 1920 nilnil
548 1877 683 1938 operatur.
700 1867 787 1935 Quum
799 1884 872 1938 erpo,
890 1869 959 1923 sicut
974 1855 998 1914 Β
1011 1880 1092 1926 runt:
1106 1869 1197 1928 Durus
1210 1877 1254 1927 est
1267 1870 1312 1926 lnic
1323 1884 1433 1935 sermo,
1448 1879 1476 1925 et
1487 1870 1549 1940 quis
1559 1875 1650 1938 potest
1664 1883 1727 1921 eum
1750 1880 1799 1919 nu-

167 1957 190 2002 et
201 1949 394 2020 Apostolueait,
402 1952 517 2024 Spiritus
524 1956 546 1990 ¹¹
553 1960 664 2027 postulet
675 1959 698 2026 ¹,
706 1957 820 2029 Spiritus
829 1959 957 2036 impetret,
1010 1961 1069 2017 dire
1081 1962 1094 2016 l
1107 1972 1185 2034 atque
1195 1965 1233 2017 ita
1249 1963 1371 2018 adierunt
1382 1971 1538 2024 retrorsum,
1550 1977 1602 2014 non
1616 1957 1715 2028 repulsi
1724 1965 1736 2016 .’
1754 1955 1800 2010 sed

166 2049 242 2097 extra
266 2043 402 2100 ecclesiam
424 2063 470 2102 nec
488 2047 621 2120 postulare
634 2051 720 2120 lucit,
743 2067 789 2107 nec
808 2052 957 2122 impetrare.
1009 2051 1083 2106 aiice
1096 2052 1228 2122 permissi.
1244 2053 1316 2107 liinc
1338 2053 1418 2108 etiam
1433 2051 1593 2120 Apostolus,
1607 2066 1689 2121 quum
1708 2049 1740 2103 de
1754 2063 1799 2102 ec·

169 2129 244 2190 Unde
257 2133 386 2198 Dominus
401 2139 521 2193 dicturus
539 2153 551 2195 .·
567 2141 753 2211 Quodcunque
770 2142 794 2174 ¹¹
806 2142 957 2213 petieritis,
1009 2142 1235 2200 communicandis
1248 2152 1345 2214 operet,
1360 2143 1501 2212 praemisit:
1513 2141 1613 2213 Siquis
1623 2139 1718 2201 lcotec.
1730 2147 1796 2204 ete..

168 2234 233 2292 etc..
249 2229 378 2297 promisit
391 2243 400 2282 :
413 2229 441 2284 st
455 2231 508 2287 ttuo
526 2246 559 2286 ex
578 2231 655 2288 vobis
666 2235 855 2290 eoctseuserint
877 2248 959 2305 super
1008 2241 1041 2292 cte
1050 2233 1202 2303 infidelium
1225 2247 1313 2290 cutem
1334 2235 1482 2304 supposuit,
1499 2234 1587 2287 uicem
1601 2231 1644 2284 ¹¹:
1665 2230 1737 2294 Eos,
1752 2230 1798 2296 qm

168 2331 268 2376 terrum
280 2338 313 2378 ex
326 2323 398 2378 omni
412 2337 453 2390 re,
467 2333 520 2381 cto.
535 2325 570 2380 iit
584 2325 678 2381 iterum
693 2342 702 2380 :
717 2325 767 2382 ttut
780 2329 834 2384 duo
848 2329 889 2384 vet
902 2338 958 2385 tres
1011 2332 1077 2385 locis
1090 2338 1169 2394 stum,
1190 2329 1319 2384 Dominus
1334 2325 1476 2394 judicabit.
1507 2323 1544 2378 De
1562 2323 1602 2377 icco
1624 2333 1727 2386 autem,
1754 2321 1798 2392 aui

168 2417 323 2488 congregant
339 2415 476 2473 luerintln
497 2419 607 2475 nomine
622 2435 693 2484 meo,
715 2421 752 2474 ibi
774 2433 825 2490 ego
845 2433 905 2476 suut
930 2420 957 2476 iu
1010 2413 1797 2489 iectuscunt,uatisjudiciumcammisit.Sicetoutemcceo,

167 2507 256 2563 medio
268 2523 382 2572 eorum:
399 2511 523 2566 nimirum
549 2512 653 2567 eunctis
682 2513 834 2578 ostendens,
851 2531 880 2568 ce
905 2531 956 2569 non
1008 2516 1078 2588 quod
1092 2511 1232 2583 Apostolus
1247 2513 1304 2566 ait:
1319 2509 1454 2572 Fmter¹',
1470 2517 1495 2564 et
1510 2525 1543 2562 ec
1553 2505 1606 2574 ltin,
1617 2521 1678 2578 osce
1691 2505 1724 2558 de
1733 2505 1798 2573 fiale-

167 2600 288 2653 doliture
297 2601 325 2654 in
337 2600 460 2655 cordibus
473 2604 629 2673 communi
643 2604 771 2673 superbiae
786 2605 958 2676 sinpularita-
1008 2609 1076 2662 litus
1086 2619 1110 2661 et
1121 2603 1272 2676 infidelibus
1283 2603 1432 2674 supposuit,
1443 2611 1561 2672 apparet,
1571 2616 1623 2654 nou
1633 2599 1685 2653 nisi
1695 2598 1797 2668 pidetenc

168 2702 219 2745 tem
247 2693 331 2746 necuit
356 2709 372 2746 o
399 2693 515 2761 coepturis
537 2691 636 2748 Cicieti
664 2711 788 2768 compapc
807 2697 957 2768 semctiprap
1007 2695 1299 2761 excommunicandum,
1313 2695 1454 2759 itocceo,
1468 2692 1538 2764 quod
1560 2688 1798 2760 fideliiuetontum

168 2782 337 2853 adrucnpunt.
351 2781 384 2838 ln
396 2784 490 2855 quidus
499 2795 587 2841 cutem
601 2783 722 2842 Citrittttc
733 2804 785 2842 non
797 2789 916 2854 lcabitut,
930 2791 956 2842 in
1008 2794 1056 2846 lcoc
1068 2788 1202 2854 scribitur,
1217 2784 1258 2841 uel
1278 2787 1376 2857 potius,
1391 2785 1453 2855 quia
1466 2785 1534 2840 sicut
1548 2781 1614 2846 ille,
1635 2781 1681 2851 qui
1696 2779 1799 2833 denedi-

167 2873 205 2928 eis
215 2871 328 2943 Spiritus
340 2883 446 2929 sanctus
470 2875 597 2930 mentium
616 2877 745 2932 ccierurec
764 2877 895 2948 celupicns
919 2880 959 2932 lo·
1008 2882 1154 2953 cit,mujor
1166 2890 1209 2962 cst
1220 2895 1262 2944 eo,
1284 2879 1327 2934 cui
1341 2877 1520 2941 benedicitur,
1540 2876 1577 2928 ita
1597 2873 1642 2944 qui
1657 2887 1690 2926 ec
1709 2867 1798 2940 officio

168 2982 227 3020 cum
245 2981 296 3021 non
310 2967 396 3022 latet.
412 2966 500 3033 Quum
511 2984 573 3038 erpo
596 2980 703 3037 peccate
716 2971 848 3026 dimittere
860 2969 899 3026 uel
919 2983 957 3025 te·
1008 2974 1143 3030 maledicit
1157 2973 1244 3044 moion
1258 2981 1295 3026 cet
1307 2987 1348 3034 eo,
1359 2971 1402 3024 cui
1424 2967 1607 3031 maledicitur,
1622 2964 1722 3034 liquido
1736 2977 1799 3016 ccu-

168 3073 240 3122 uere,
256 3059 483 3114 excommunicare
495 3059 535 3114 oel
548 3060 719 3116 reconciliare
731 3077 795 3132 opus
813 3064 847 3116 sit
871 3061 958 3130 sptu-
1008 3075 1070 3128 ctat,
1084 3079 1155 3126 eum,
1169 3061 1216 3132 qul
1230 3061 1263 3116 ai
1283 3060 1433 3130 intepuitate
1444 3057 1580 3112 catlcolicac
1598 3055 1661 3123 fidei
1683 3052 1796 3118 cecedit,

168 3149 307 3204 turnoncti
327 3151 449 3204 etuirtue
475 3147 736 3222 Christisupporet,
764 3157 834 3224 quod
860 3153 898 3218 tt,
913 3154 958 3223 qui
1010 3154 1181 3211 maledicendi
1191 3153 1231 3208 uel
1244 3151 1412 3207 benedicendi
1425 3159 1579 3219 potestatem
1598 3142 1795 3201 minimelmlte·

167 3251 242 3294 cetra
256 3241 390 3296 eccleciam
402 3251 475 3308 eunt,
488 3258 534 3296 uec
549 3241 631 3312 lipare
640 3253 760 3313 possunt,
784 3261 830 3298 nec
840 3243 955 3309 soluere,
1010 3267 1047 3306 re.
1064 3246 1229 3304 curialium
1244 3261 1367 3316 uanique,
1379 3253 1466 3311 utpote
1478 3259 1505 3298 ec
1518 3241 1690 3312 superiorem,
1715 3237 1799 3293 male-

168 3347 213 3384 uec
225 3331 418 3387 reconciliando
434 3335 618 3390 ecclesiasticae
638 3335 816 3390 communioni
837 3335 956 3400 reddere,
1009 3343 1095 3396 diem
1106 3357 1157 3395 nun
1172 3338 1250 3404 pules·
1264 3340 1292 3392 in
1303 3338 1419 3392 alienum
1435 3352 1451 3389 a
1466 3335 1529 3404 fide,
1554 3345 1679 3406 tunquam
1694 3333 1722 3386 tn
1745 3331 1798 3388 tt'bt'

169 3437 214 3474 uec
224 3425 475 3480 excommunicando
489 3430 546 3496 ejus
562 3426 684 3480 societate
694 3425 798 3494 privare
810 3467 817 3490 .
830 3441 882 3496 tlua
894 3425 955 3494 ipsi,
1008 3432 1147 3506 mntem,
1166 3429 1321 3486 sententiam
1336 3430 1400 3483 dare
1415 3445 1466 3482 nan
1486 3435 1580 3494 potest.
1608 3424 1673 3481 licec
1698 3434 1797 3489 autent,

168 3515 308 3571 lcaececloel
317 3517 456 3572 schismate
465 3517 559 3588 polluti
573 3519 626 3573 siue
640 3519 767 3573 sententia
775 3519 870 3586 notati,
883 3519 958 3591 peni·
1008 3544 1066 3598 μω
1078 3527 1111 3580 ate
1121 3523 1263 3587 tareticie,
1274 3533 1351 3593 atque
1364 3519 1536 3575 schismaticis
1548 3562 1556 3587 ,
1567 3518 1607 3574 uel
1619 3515 1798 3574 excommuni-

169 3616 211 3662 ttte
222 3624 312 3663 carcre
326 3610 480 3677 produntur.
493 3607 578 3677 Unde,
594 3627 674 3682 quum
688 3611 809 3665 omnibus
820 3612 957 3682 discipulis
1008 3619 1074 3672 cotie
1087 3616 1157 3670 dicta
1171 3625 1251 3682 sunt,
1271 3613 1411 3673 uidelicet,
1428 3612 1497 3682 quod
1512 3611 1611 3682 lipandi
1627 3607 1665 3664 uel
1682 3605 1798 3663 soluendi

168 3716 258 3771 parem
280 3699 381 3773 ttpantt
408 3711 486 3774 utque
514 3699 630 3758 soluendi
651 3713 804 3773 potestatem
828 3703 957 3759 llontinue
1010 3701 1797 3775 potestatemnonlcaieant,multorumauctoritatetucpco-

168 3791 254 3856 daret,
272 3791 350 3848 Petro
357 3809 405 3860 pro
414 3794 534 3850 omnibus
546 3808 569 3849 ct
584 3811 639 3866 prce
652 3796 772 3851 oncniius
786 3797 870 3852 claues
885 3797 957 3869 repni
1009 3800 1116 3852 tantur.
1150 3838 1159 3859 ,
1656 3835 1659 3838 .

170 3884 332 3941 coelorumec
348 3886 473 3960 daturum
484 3890 620 3958 promisit,
635 3889 745 3944 dicens:
772 3889 832 3946 'l'ibi
849 3891 870 3922 ¹¹
886 3891 957 3947 elohe
1007 3891 1052 3945 Ait
1064 3891 1133 3944 enim
1146 3890 1198 3943 Leo
1213 3887 1283 3956 Pup-u
1299 3902 1381 3941 scinu.
1404 3882 1451 3938 ill
1467 3925 1475 3946 ‚
1492 3884 1519 3937 iu
1535 3881 1713 3936 anniuersario
1742 3893 1797 3930 succ

170 3975 260 4034 claves
280 3978 356 4050 regui
379 3979 519 4036 coelorum.
546 3979 699 4052 Quicunque
723 3999 784 4052 erpo
810 3983 842 4037 ui
856 3985 957 4038 unitate
1042 3978 1249 4048 assumptionis,
1267 3985 1291 4030 et
1319 3991 1398 4031 cerm.
1425 3973 1470 4036 il,
1495 3974 1527 4028 de
1551 3970 1634 4026 scutati
1656 3966 1795 4037 Apostolo-

169 4067 284 4124 eccleeice
295 4071 365 4141 (qum
379 4087 426 4140 per
439 4071 548 4127 Petrum
563 4071 728 4146 intelligitur)
745 4073 825 4142 suerit
841 4073 955 4140 alienus,
1044 4088 1102 4125 rum
1113 4071 1155 4125 ¹¹:

168 4176 305 4216 ‘winili
319 4164 342 4226 ’ἵ
352 4173 447 4232 limil-
463 4181 615 4220 “imita'‘
635 4183 688 4236 non
707 4167 791 4234 lssltli
807 4185 957 4224 mmm·
1007 4187 1040 4242 C.
1054 4184 1085 4240 t.
1103 4184 1164 4240 Non
1176 4185 1288 4240 soluitur
1298 4185 1337 4239 ecl
1352 4185 1450 4253 lipatntc
1460 4182 1511 4236 nisi
1521 4181 1593 4248 quud
1604 4178 1747 4232 aectocimc
1760 4172 1794 4228 tt.

170 4252 310 4306 nicationis
321 4255 361 4308 oel
376 4255 595 4311 reconciliationis
618 4267 771 4327 potestatem
793 4277 844 4314 non
867 4261 954 4315 liniet.
1204 4253 1279 4310 Petri
1290 4254 1395 4309 coluerit
1408 4251 1448 4307 uel
1465 4251 1593 4322 liquescit.

171 4338 246 4398 Unde
265 4345 415 4414 Apostolus,
429 4363 508 4418 quum
519 4349 705 4419 {anticatpcem
726 4349 891 4406 Corinthium
913 4369 956 4408 ec
1043 4349 1133 4404 Manet
1148 4362 1213 4419 ergo
1226 4345 1300 4402 Petri
1317 4343 1509 4416 privilegium,
1534 4339 1688 4408 ubicunque
1705 4354 1739 4393 ex
1752 4353 1794 4407 tp-

169 4439 415 4494 communicandum
436 4442 570 4506 occideret,
583 4441 619 4494 ait
635 4442 658 4473 ¹¹
674 4459 681 4496 z
704 4443 760 4514 Epo
781 4443 889 4514 qtticlem
908 4446 956 4498 ut>
1007 4445 1065 4498 sius
1081 4441 1168 4498 lectur
1183 4436 1470 4511 aequitutejudieium,
1485 4448 1534 4489 uec
1559 4433 1643 4487 nintiu
1657 4439 1700 4486 est
1711 4429 1734 4462 ¹¹
1749 4432 1793 4486 tei

168 4543 232 4584 sens
246 4545 373 4602 corpore,
386 4547 505 4602 pcaeseus
519 4546 609 4590 nutem
630 4533 738 4604 spiritu,
756 4535 812 4604 jam
834 4535 954 4604 juniieuvi
1010 4536 1032 4569 ⁸¹
1048 4535 1200 4599 severitus,
1223 4531 1267 4588 ret
1291 4529 1426 4594 remissio,
1442 4525 1487 4582 utri
1516 4522 1583 4580 nihil
1605 4521 1658 4578 erit
1669 4521 1792 4594 ligatum,

726 4704 943 4764 ttotttttotte's
961 4705 1231 4765 couttsctotttut.

206 4812 281 4872 ‘Sin
294 4827 383 4872 autem
398 4832 405 4871 ε
422 4817 479 4871 Non
503 4818 651 4874 tielueruut
675 4819 720 4890 qui
745 4820 887 4876 crederent
902 4822 958 4876 time
973 4815 1183 4877 Deoncuccunt.

168 4899 276 4956 quoqtte
289 4903 349 4942 esse
366 4889 523 4942 Alexandri.
543 4889 595 4944 Seri
613 4891 681 4958 cipuli
698 4889 805 4944 ivocmm
819 4901 846 4944 et
859 4892 884 4944 iu
901 4890 953 4944 Pu·
1045 4889 1191 4961 ¹Spiritus
1213 4887 1352 4959 postulet:
1386 4885 1470 4941 Verisa
1499 4885 1555 4955 ipen
1579 4884 1700 4953 spostott
1730 4891 1793 4940 scrut

169 4956 274 5011 normico
290 4973 342 5028 cnon
354 4959 499 5026 timentur,
514 4968 542 5014 et
555 4961 580 5014 iu
594 4961 707 5014 vetuistis
717 4961 838 5014 Grutinui
851 4961 952 5015 codici·
1006 4965 1065 5016 haeo
1080 4979 1087 5016 τ
1104 4959 1234 5018 Similiter
1245 4969 1334 5012 autem
1349 4966 1374 5011 et
1388 4957 1505 5025 Spiritus
1523 4955 1634 5027 adjuvat
1651 4955 1794 5024 infirmita·

168 5026 219 5082 bros
234 5025 278 5082 ltie
299 5038 340 5084 est
360 5043 391 5082 eu
410 5042 486 5095 uum,
506 5045 565 5099 upum
577 5031 644 5084 solet
664 5033 760 5100 apponi
777 5032 866 5086 teritis
883 5031 952 5085 Gra·
1005 5043 1057 5086 tem
1067 5041 1195 5086 nostram.
1209 5028 1282 5083 Nam
1298 5028 1362 5097 auid
1374 5043 1489 5091 oremus,
1501 5028 1567 5083 sicut
1581 5035 1693 5093 oportet,
1708 5025 1793 5078 nesci·

170 5095 247 5150 tisui.
261 5097 294 5152 Et
304 5109 348 5154 est
361 5099 508 5154 secuudum
527 5102 676 5154 triembrmu
691 5101 830 5156 divisionis
852 5103 878 5154 iu
892 5101 951 5170 ipso
1004 5101 1160 5163 nument
1217 5099 1331 5167 Spiritus
1353 5097 1470 5166 postulat
1493 5113 1542 5167 pro
1562 5097 1636 5150 notin
1654 5095 1793 5178 pensilibus

169 5169 325 5235 quaestionis
338 5172 499 5238 pricteipion
514 5169 645 5226 Cratinum
658 5173 811 5239 proprisit-m,
823 5171 949 5225 omniuo·
1004 5171 1234 5226 inenarrabilius.
1253 5167 1281 5222 in
1292 5166 1381 5238 glossa
1395 5177 1485 5222 nutem
1497 5165 1664 5224 interlineari
1681 5167 1715 5222 nd
1731 5179 1793 5220 eum

169 5251 222 5306 qtte
234 5247 263 5293 et
276 5241 372 5310 stylus,
386 5252 413 5296 et
426 5255 485 5309 uuae
499 5243 624 5296 dicuntur
641 5247 674 5294 ou
697 5243 722 5296 id
735 5244 949 5296 coutitur-sudum
1005 5242 1091 5296 iocum
1105 5250 1170 5297 sunt
1181 5241 1262 5295 sertin
1275 5239 1435 5309 sequcmiu:
1450 5239 1564 5310 spiritur
1574 5239 1702 5305 impetret.

206 5551 607 5620 Qudsr.i.C.iV.'¹¹lonn.
631 5569 655 5608 c.
681 5553 726 5616 20,
750 5569 774 5606 n.
802 5555 847 5608 itt.
888 5554 909 5585 ¹¹
927 5569 951 5608 v.
971 5553 1017 5617 ἢ,
1033 5553 1071 5606 ih.
1110 5552 1132 5583 ¹¹
1156 5549 1294 5606 desei.
1333 5549 1444 5605 ¹¹ilum
1465 5565 1489 5604 e.
1503 5549 1530 5614 8,
1545 5567 1570 5608 v,
1584 5549 1628 5605 26.
1658 5547 1789 5601 ”ilattlu

170 5624 410 5691 assutum.
448 5626 469 5658 ¹¹
494 5627 668 5691 tuetur.
688 5627 731 5680 ill.
779 5627 802 5658 ¹¹
814 5642 864 5680 non
887 5641 986 5683 excecr.
1014 5623 1138 5678 :Bonitus
1188 5621 1211 5654 ¹¹
1239 5622 1480 5682 tttm..5,v.5.
1517 5621 1630 5677 ”llum
1653 5619 1787 5696 itud.

169 5691 463 5760 ”tonueuutt
502 5695 793 5756 ’‘isut.e.5‚vl5.
832 5695 970 5765 ”Suttuic
993 5691 1349 5766 sr·ater:Bohm.:C.V.
1388 5691 1616 5746 ¹¹Semu.l.i2‹l.
1642 5689 1790 5745 datter.-

170 5764 261 5833 Pulye.
280 5768 297 5822 l.
312 5767 336 5831 i,
351 5777 369 5821 t.
394 5768 420 5822 i.
470 5769 491 5800 ¹¹
506 5768 581 5824 obest
594 5770 628 5823 ab
640 5767 706 5823 Edd.
724 5767 787 5838 Arg.
814 5763 875 5822 Nur.
894 5765 960 5822 lert.
976 5765 984 5820 Ι
1035 5765 1057 5798 ¹¹
1069 5765 1145 5820 :tuest
1161 5768 1196 5820 ub
1211 5763 1276 5820 sut.
1293 5763 1354 5818 Bas.
1368 5761 1429 5816 Pur.
1442 5761 1544 5833 begui,
