3975 6334
127 323 180 382 bii

503 317 652 378 uocum
670 318 766 374 PARS
783 315 953 374 SECUNDA.
969 310 1084 370 CAUSA
1103 309 1170 368 xltt.
1189 308 1326 379 QUAEST.
1349 310 1383 368 tl.

1700 314 1752 372 958

129 434 233 502 Qtiim
241 441 332 490 eutem
342 432 460 504 pleribus
475 430 622 487 debentur?
639 429 705 496 iilis,
725 448 740 484 a
760 430 854 500 quibus
867 428 915 483 ba·
925 431 954 488 A
966 443 1014 482 nec
1024 427 1104 480 etiarn
1118 441 1208 480 eorum
1218 424 1405 484 decimationes
1420 427 1493 482 ieobie
1505 432 1649 499 relinquere
1661 430 1752 491 uultis.

127 528 226 596 ptieieu
243 525 387 594 occipiunt,
407 540 443 580 ari
459 523 542 580 aliisi
556 521 614 578 Noe
635 538 679 578 eos
701 522 878 589 baptizamus,
892 531 917 577 ei

128 633 173 672 sae
186 615 221 673 ab
239 615 276 670 eis
289 615 406 670 decimae
419 613 542 668 sumitis?
565 610 682 666 Honorio
697 612 747 666 ista
763 611 919 678 imerpieta·

128 708 168 762 tio
177 717 217 763 eet
233 723 244 762 .·
256 706 359 762 eliensis
371 704 509 760 inuenietis
523 704 568 776 qui
575 705 614 758 sic
623 720 671 774 pro
681 704 751 757 uobis
762 704 918 772 intepreten·

127 797 192 854 teir!
207 796 279 863 teria
296 813 358 868 erqo
372 812 419 851 nos
434 795 551 866 riqamue
566 794 692 866 populum
706 793 786 858 bunc,
803 792 913 851 imbreur

128 890 257 946 doctrinm
276 889 302 944 ei
324 889 514 952 ministramus,
531 885 595 955 qiiia
606 886 717 940 colieiue
734 900 794 938 euni
815 899 919 939 uomere

128 981 338 1053 predicationis,
356 979 438 1034 cordo
451 979 509 1048 ejus
523 978 558 1032 ad
570 967 651 1048 fidem
664 976 919 1046 opulentiarum

128 1072 210 1129 uultis
220 1072 316 1137 sinere,
332 1071 371 1126 rei
382 1071 524 1142 patiamini
537 1068 612 1124 nobie
632 1086 691 1124 eum
704 1068 877 1138 fructificare,
892 1077 918 1121 et

130 1162 224 1234 qualis
247 1163 319 1218 iobis
332 1162 394 1232 fieri
412 1178 465 1217 uon
477 1161 554 1218 uultis
567 1161 642 1217 nobie
655 1161 753 1231 inferre
765 1168 862 1224 cauete,
876 1176 919 1222 uc,

129 1255 270 1326 siperqitis
280 1255 368 1308 dicere
379 1269 438 1325 quie
450 1253 529 1308 uultis
540 1295 549 1320 ,
562 1254 748 1323 audiatisquei
762 1268 816 1306 non
825 1252 919 1306 uultis.

132 1360 147 1381 ·
163 1348 198 1404 tlt
213 1348 289 1404 Pers.
313 1348 327 1422 5
342 1349 370 1406 9.
392 1349 433 1404 to
447 1357 503 1404 trac
518 1363 527 1402 :
541 1346 646 1402 Callida
665 1347 770 1418 quidem
787 1356 812 1400 et
832 1345 920 1400 multi·

130 1440 194 1511 pliei
208 1442 435 1511 erquerientatione
444 1441 509 1512 jura
526 1451 617 1496 nortia
631 1439 738 1510 auterre
751 1437 917 1503 contenditis,

129 1535 170 1589 ite
180 1543 221 1600 ut,
234 1534 259 1590 si
276 1534 343 1603 tides
354 1533 438 1590 ocrim
449 1532 629 1597 adbiberetur,
643 1547 695 1586 non
712 1532 791 1586 uerba
802 1546 850 1602 pro
863 1546 919 1584 oer-

128 1623 182 1687 bis,
193 1622 238 1678 sed
253 1638 292 1679 rei
305 1638 353 1693 pro
367 1622 450 1678 uerbis
461 1621 640 1692 reportaretis.
652 1619 715 1686 Sed,
727 1618 782 1674 lrea
792 1619 918 1690 propilio,

971 517 1050 590 qli.
1077 514 1110 571 Ut
1141 528 1227 571 autern
1253 516 1434 572 uniuersaliter
1463 521 1550 574 omnia
1573 520 1753 592 colliqontur,

969 618 1076 674 cuncta,
1087 624 1146 678 quic
1157 624 1205 677 pro
1215 608 1288 662 uobis
1300 607 1408 662 inducta
1421 620 1493 673 sunt,
1506 611 1558 666 siae
1571 613 1603 666 de
1619 611 1756 670 laborante

968 698 1096 773 aqricclo,
1112 701 1167 752 eloe
1182 697 1215 751 de
1227 712 1269 765 eo,
1284 698 1329 768 qui
1347 699 1402 754 suis
1417 699 1551 769 stipendiis
1571 717 1623 756 non
1646 703 1756 768 militat,

969 789 1004 843 ad
1019 789 1090 844 bunc
1105 789 1246 844 articulum
1261 788 1415 859 deserimus,
1432 800 1459 844 ul
1472 791 1587 862 fructum
1604 795 1682 848 uestri
1697 811 1759 866 ope·

969 879 1015 942 ris,
1028 895 1103 950 quern
1117 880 1182 936 adeo
1197 881 1310 952 recipcre
1321 883 1486 947 contenditis,
1501 883 1527 937 iu
1542 883 1718 942 oblationibus
1732 895 1758 940 et
1777 899 1780 906 ·

970 970 1133 1042 quotidianis
1149 973 1278 1045 obsequiis
1294 976 1403 1030 istorum
1415 976 1557 1044 recipiotis,
1572 976 1757 1036 decimationes

970 1087 1030 1126 nero
1052 1087 1153 1138 eorum,
1177 1089 1236 1144 quie
1254 1073 1327 1129 nobis
1345 1074 1480 1140 debentur,
1503 1076 1614 1130 intactae
1628 1076 1702 1131 nobis
1716 1093 1758 1133 re·

967 1158 1088 1230 linquite,
1110 1178 1152 1228 ne,
1175 1165 1238 1218 elsim
1261 1164 1380 1234 quaeritis
1400 1180 1530 1235 usurpare
1546 1167 1616 1236 quoii
1641 1177 1755 1223 ueetruui

969 1259 1085 1317 nonest,
1102 1251 1179 1321 josia
1202 1252 1428 1309 animaduersione
1446 1255 1526 1308 etiam
1543 1256 1611 1309 illud
1626 1259 1757 1328 coquinini

968 1343 1099 1405 emittere.
1117 1345 1186 1415 quod
1207 1345 1277 1400 oobis
1292 1345 1381 1415 aliquo
1402 1351 1479 1402 modo
1496 1349 1634 1404 videbator
1655 1366 1759 1420 conspe

968 1441 1034 1488 tere.
1050 1432 1064 1506 5
1079 1433 1123 1489 ti.
1142 1434 1218 1502 Quod
1236 1448 1325 1492 autem
1336 1441 1393 1494 lucc
1408 1440 1593 1496 decimationes
1607 1441 1680 1498 nullo
1693 1444 1757 1514 jure

968 1527 1041 1584 iobis
1065 1529 1218 1597 debeantur,
1245 1531 1325 1599 {acilo
1346 1532 1497 1602 probamus.
1519 1533 1625 1590 llicitur
1646 1537 1757 1594 euisiiri

968 1623 1083 1692 quodem
1098 1624 1231 1680 coneilio:
1246 1625 1275 1682 Si
1290 1626 1381 1698 ”quis
1396 1628 1492 1694 laicus,
1503 1629 1544 1686 rel
1563 1629 1688 1698 clericus,
1700 1633 1758 1690 sire

128 1715 155 1769 si
167 1714 245 1768 serbo
264 1713 385 1780 dictinii,
397 1714 473 1767 rerba
493 1711 631 1780 recipietis.
644 1710 659 1784 5
671 1710 715 1766 to.
726 1710 846 1782 Arquitis
859 1725 916 1775 nos,
970 1715 1113 1786 utriusque
1138 1733 1204 1774 seru
1220 1733 1337 1788 periuris
1357 1721 1531 1791 proprietatis
1544 1737 1601 1778 sum
1613 1723 1684 1791 locs,
1701 1734 1756 1784 eta.

128 1809 201 1879 quod
213 1824 257 1874 ea,
281 1822 340 1878 quor
360 1807 431 1860 iobis
451 1804 590 1870 debculur,
612 1802 746 1871 eubripere
765 1803 918 1873 quaerimus,
934 1793 1038 1860 Bsicui
1053 1807 1081 1862 iu
1101 1809 1192 1862 eodeni
1206 1806 1322 1876 capitulo
1343 1811 1372 1865 iri
1397 1828 1479 1867 cauea
1499 1815 1688 1872 monaclroeiuri
1710 1834 1760 1873 iia.

128 1900 297 1970 quianostra
310 1897 501 1968 persequimur.
517 1894 636 1966 Sapienti
651 1894 755 1965 quidem
770 1892 920 1962 etpliiloso·
970 1907 1029 1952 tute
1052 1897 1231 1954 inueniuntur.
1256 1898 1287 1956 Si
1309 1917 1370 1972 erqo
1399 1902 1494 1971 laicus,
1519 1905 1557 1960 nel
1581 1905 1760 1974 clericionem

129 1992 208 2058 plrlco
218 1986 525 2057 oreprobietaecntentiri,¹
535 2001 611 2040 suuni
625 1984 823 2056 persequimini
834 1983 920 2038 alienu
969 1989 1092 2059 qualibet
1108 2005 1230 2059 persona,
1254 1991 1378 2048 locaeuie
1392 1995 1560 2064 proprietarii
1577 1997 1692 2052 vendens
1711 2009 1758 2054 cui

130 2078 248 2149 rumis!
273 2076 349 2132 (lude
371 2077 406 2132 ad
426 2093 470 2132 uos
491 2076 547 2130 bico
567 2076 696 2131 sententia
717 2076 846 2142 manauit,
868 2077 919 2132 nisi
970 2081 1083 2142 donans,
1111 2090 1265 2150 prouentum
1289 2083 1492 2138 decimationum
1515 2087 1549 2140 ab
1571 2088 1697 2156 uotiua,
1716 2092 1759 2145 cui

129 2172 195 2241 quia
211 2179 286 2225 iunio
305 2170 401 2225 ardore
410 2177 502 2224 nostra
521 2167 717 2238 concupiscitis,
732 2181 760 2222 ui
773 2177 858 2222 uestra
871 2184 921 2234 pii-
971 2169 1087 2240 leqiiinie
1101 2173 1252 2242 aseiqnoriie
1265 2183 1314 2240 eet,
1325 2174 1399 2230 nullo
1410 2177 1488 2232 modo
1498 2189 1582 2248 petest
1596 2180 1757 2250 amireleere,

130 2274 192 2318 tetis
220 2262 291 2318 uobis
309 2261 426 2330 auferri,
448 2276 528 2332 quuru
545 2276 592 2314 iios
611 2269 702 2314 nostra
719 2260 922 2328 consequimur?
971 2278 1018 2318 nec
1032 2263 1076 2318 ieti
1092 2262 1126 2318 de
1139 2264 1244 2320 diocesi
1258 2267 1293 2320 ud
1312 2267 1443 2323 diieceeim
1464 2278 1629 2327 transeunter
1647 2274 1761 2333 decimas

132 2353 222 2416 Unde.
233 2368 314 2420 otum
332 2368 413 2406 ΝΜ
433 2363 522 2406 mrito
535 2349 741 2420 debitumfinem
752 2351 846 2405 sortita
860 2350 921 2420 [ue-
970 2367 1081 2409 cuorum
1096 2352 1267 2424 prediorum,
1285 2372 1345 2425 quac
1364 2357 1433 2412 iutra
1452 2361 1578 2414 terminos
1600 2373 1697 2417 nostra
1707 2380 1757 2433 pie·

131 2446 179 2511 rit,
191 2443 374 2500 esclamubiiii
390 2443 411 2475 ¹'
432 2443 495 2498 :tltr
519 2442 613 2507 miser,
633 2442 742 2497 crucior
757 2449 859 2495 torrium
874 2442 922 2497 bo-
972 2444 1258 2513 eorbirecontiiientnr,
1276 2449 1351 2502 nobis
1365 2450 1471 2519 auferre
1490 2461 1608 2520 possunt.
1625 2451 1760 2518 Quantum

133 2537 190 2592 luur
203 2550 266 2592 oisc
285 2543 410 2604 creptum
424 2549 458 2588 ex
474 2531 606 2588 laticibus.
629 2529 683 2587 Sed
696 2533 788 2597 ridete,
804 2549 835 2589 ne
847 2531 922 2586 dim·
971 2537 1041 2591 esim
1052 2537 1087 2590 cd
1095 2536 1142 2605 p'us
1152 2537 1381 2606 percipiendorum
1395 2541 1557 2596 decimarum
1571 2543 1676 2610 attinet,
1689 2544 1759 2601 idern

134 2642 196 2683 nuris
220 2627 299 2698 effusi
320 2625 445 2698 unquenti
469 2624 540 2679 iobis
565 2640 761 2694 recompensare
782 2626 919 2696 qumraiir.
970 2636 1011 2682 est
1036 2643 1210 2698 poescseorem
1232 2630 1265 2686 de
1291 2631 1396 2686 diariis·
1424 2633 1458 2688 ad
1481 2634 1611 2692 diiecesim
1635 2639 1760 2705 trarieiee,

135 2717 314 2773 Constituinie
349 2730 394 2771 uoe
421 2713 584 2784 plantatores
614 2712 768 2778 oiriearuni,
807 2715 920 2784 fossores
971 2719 1045 2789 quod
1067 2721 1260 2789 poseeeeisueu
1287 2723 1321 2778 de
1348 2727 1495 2782 iliisceeano
1521 2728 1559 2781 eel
1584 2729 1761 2786 dlaceeeniim

134 2805 919 2880 aqrorum,trituratoresarearum,riqatoreecumparieni,et
971 2810 1126 2881 transferre.

133 2898 217 2952 multa
231 2898 287 2952 alic
296 2897 447 2967 liujusrrrodi
458 2899 540 2968 officia
549 2896 619 2952 uobis
626 2895 794 2959 assumsistis,
802 2906 826 2949 et
834 2895 921 2950 debita
1356 2916 1393 2928 ···

132 2990 206 3045 iobis
219 2989 342 3061 obsequia
363 3007 380 3044 ri
398 2973 472 3043 nobis
491 2988 612 3042 subtrahi
626 2987 760 3058 conquesti
779 2988 852 3043 estis.
867 2986 920 3043 Sed
991 3042 996 3050 ,
1251 2999 1438 3074 Quffisflo
1461 3003 1500 3066 ΙΙ,

131 3097 182 3137 iios
201 3097 254 3136 son
278 3096 403 3152 ememus
415 3080 486 3150 quod
506 3087 621 3135 uestrum
639 3076 768 3135 eriboni
784 3079 920 3134 trituranti
945 3131 956 3156 ,
1143 3143 1145 3152 ,
1259 3096 1470 3158 emamus,

130 3170 216 3241 ΡΜ
240 3181 265 3227 ⁶¹
288 3180 437 3242 '‘ww“
461 3179 611 3276 “ww''
634 3171 707 3276 sb'fb
722 3172 777 3227 ¹¹⁶⁶
801 3135 956 3239 '’⁰⁶³⁸'“L
1012 3209 1030 3263 Ι.
1044 3208 1122 3265 Pers.
1140 3212 1182 3266 Ad
1198 3213 1278 3268 lice:
1297 3212 1491 3271 decimationes
1504 3219 1572 3286 lette,
1585 3221 1633 3275 etri
1642 3220 1704 3291 jure
1717 3238 1761 3278 io·

131 3262 924 3370 qrarianobisrcliuquite.Paulinetoreseineerum,qoesores
975 3299 1014 3353 qq,
1027 3299 1163 3366 amm
1181 3312 1210 3358 m
1226 3305 1360 3372 mmm,
1378 3314 1465 3363 mm
1482 3307 1635 3365 mmmm
1649 3312 1760 3382 memo

131 3369 258 3458 eqrorurtt
280 3367 406 3427 riquiores
424 3357 782 3461 camporuni.·fsituroiores
798 3374 921 3462 arearum
974 3390 1045 3446 mh
1064 3391 1202 3449 mmm
1222 3395 1345 3461 ‘mma‘
1367 3395 1462 3456 omniu
1485 3403 1554 3457 mm
1570 3407 1698 3461 mmm
1712 3409 1760 3462 m.-

133 3449 231 3504 drurnu
242 3448 358 3504 mercede
372 3448 920 3520 occepta,prouenicniee[reuredomtuie
974 3484 1100 3538 amn-a
1125 3485 1325 3558 mmmm
1349 3489 1460 3556 uuum.
1489 3495 1532 3547 m
1550 3494 1761 3568 mmmm

134 3540 296 3642 'Q'ffwj
314 3537 365 3595 '¹⁰'
375 3552 555 3644 ‘f⁹⁰,'⁶“b’⁸‘⁸
567 3540 684 3643 ΨΜ
694 3540 771 3643 ΜΨ
788 3541 874 3611 mm
890 3542 919 3595 ’ἢ
975 3575 1059 3647 (sicet
1074 3579 1250 3649 poteeeeionee
1273 3581 1457 3652 reliqioeoruni
1481 3585 1635 3660 domorum)
1650 3587 1688 3645 uel
1702 3603 1761 3645 ceri·

132 3630 301 3736 “fiam
314 3629 504 3698 mamm
517 3642 545 3734 ,ι’
561 3630 635 3733 Ψ,
644 3630 785 3734 mbm',
801 3647 862 3700 Μ
875 3649 923 3705 pm
975 3656 1090 3738 terrene,
1102 3673 1308 3746 sicutprredicta
1323 3687 1420 3731 sanctie
1433 3675 1560 3734 liomaaic
1574 3675 1698 3737 Ecclesia

133 3719 334 3791 montrabitis,
346 3736 406 3790 quer
426 3738 442 3776 a
463 3723 536 3778 rolris
548 3732 695 3787 accipiunt,
712 3722 830 3794 quotidie
852 3723 900 3792 des
911 3753 923 3766 ·

362 3814 368 3825 ‚
628 3813 633 3825 ,
695 3813 701 3826 ,
868 3815 910 3826 ,,
1044 3762 1123 3820 'Unde
1139 3763 1266 3823 Geleslos
1285 3765 1356 3836 iim
1371 3767 1408 3821 aii
1425 3769 1552 3840 episcopie
1566 3768 1675 3828 Sicilire.

136 3825 244 3878 netur,
260 3822 439 3884 prareuieruee
449 3814 555 3882 fructus
577 3814 783 3868 decimationum
793 3821 817 3868 ct
831 3831 920 3884 primi-
1250 3853 1295 3908 η,
1309 3838 1353 3894 η,
1369 3855 1392 3894 ⁶·
1405 3839 1423 3893 q
1438 3840 1467 3894 i:

134 3909 235 4010 “siim
249 3904 481 4009 ζῐθῦῐδξθϋψὶῑθ·
497 3903 782 4009 ill-bimi’ffll'b'
794 3904 923 3962 &mim
973 3928 1005 3984 C.
1032 3926 1052 3982 i.
1078 3925 1147 3994 Quo
1170 3930 1281 4011 triqiritii
1296 3931 1377 4011 'ennii
1392 3931 1425 3984 ab
1447 3931 1574 4000 epiirmds
1594 3932 1761 4002 poeeidentur

134 3998 273 4068 incipitis
296 4012 363 4065 suis,
388 4006 417 4062 ul
445 3994 607 4053 comederem
629 4008 653 4053 et
677 3998 791 4054 biberent
806 4015 849 4064 ee,
863 4015 924 4070 quie
1201 4016 1264 4068 pure
1277 4000 1309 4055 ub
1321 4015 1358 4055 ete
1371 4001 1551 4057 vendicantur.

134 4092 207 4162 apud
224 4090 361 4145 auditores
376 4104 438 4143 euos
454 4100 540 4156 orani,
554 4090 663 4147 sednon
674 4090 818 4164 jussistis,
832 4091 919 4146 utdo·
1011 4091 1168 4148 Facultates
1181 4092 1315 4160 ecclesio,
1338 4110 1389 4151 nce
1403 4109 1457 4150 nori
1476 4102 1505 4148 et
1522 4094 1664 4165 dioceses,
1679 4099 1757 4154 'si·¹

135 4183 222 4236 mirice
235 4181 269 4236 de
281 4180 402 4236 domibus
414 4181 469 4236 sirie
486 4183 623 4252 ejicerent,
633 4180 744 4237 etrcbui
757 4182 813 4236 niis
822 4181 920 4252 spolia·
973 4199 1037 4254 qaae
1052 4185 1086 4237 alr
1100 4182 1238 4256 aliquibus
1253 4183 1264 4216 ⁸
1279 4184 1452 4254 possidentur
1467 4185 1615 4256 episcopis,
1630 4186 1692 4256 iore
1704 4187 1756 4244 eiiii

138 4281 206 4328 rent.
222 4270 285 4339 liiii
297 4273 375 4343 facile
387 4273 523 4329 inuenietis
541 4273 586 4344 qui
601 4272 668 4327 tales
682 4271 798 4340 bospiies
815 4272 924 4327 libenter
975 4274 1132 4341 vendicent,
1148 4275 1219 4344 qood
1234 4274 1392 4330 tricennalis
1407 4273 1449 4328 les
1466 4274 1636 4342 ‘concioni
1654 4278 1716 4349 quii
1732 4289 1760 4334 it

137 4365 295 4434 suscipiunt.
318 4363 380 4418 ilus
401 4365 431 4419 iri
454 4380 529 4434 piru,
554 4365 624 4435 iqnle
643 4364 672 4418 iri
691 4363 762 4427 sinu,
780 4352 922 4434 ie'rpenein
975 4365 1262 4421 liliorrtmrtnstrorom
1282 4365 1434 4437 principum
1458 4365 1495 4420 ita
1509 4367 1646 4423 emanarit
1663 4380 1760 4426 aucto·

137 4456 236 4526 qremio
249 4454 320 4510 male
338 4470 399 4509 suos
413 4465 578 4509 munerant
598 4455 723 4526 bospitee.
736 4453 812 4510 ilnde
821 4457 850 4509 in
859 4472 922 4525 pro·
939 4483 961 4538 ι)
976 4458 1052 4524 ritus,
1064 4465 1093 4510 ut
1109 4456 1179 4511 ultra
1190 4455 1274 4512 XXX.
1288 4471 1375 4512 annos
1385 4455 1450 4511 milli
1467 4457 1546 4512 liceat
1556 4473 1607 4529 pro
1619 4473 1653 4516 oo
1667 4461 1758 4534 appel·

138 4547 232 4604 uerbiie
245 4547 345 4603 dicitur
358 4561 368 4599 .·
383 4548 435 4614 Qui
451 4555 604 4618 serpentem
630 4548 657 4602 in
672 4547 732 4605 sino
746 4549 847 4614 nutrit,
861 4565 922 4619 per-

136 4640 256 4696 cutietur
270 4642 306 4696 eb
318 4654 362 4695 eo.
379 4637 455 4694 Tales
474 4639 612 4694 inuenietis
630 4640 701 4694 uobis
720 4639 844 4709 bospiies,
857 4655 925 4709 qua-

138 4729 176 4787 les
195 4731 338 4786 numerere
360 4731 448 4786 cultis.
472 4730 533 4784 Non
547 4731 640 4802 suffieit
663 4731 734 4786 iobis
747 4733 824 4786 edere
842 4743 868 4787 ei
883 4733 924 4787 bi-

139 4823 198 4880 bere
211 4841 269 4891 quae
281 4822 309 4878 ire
322 4824 400 4877 domo
417 4832 505 4878 nostra
517 4830 591 4890 sunt,
603 4821 666 4875 duni
684 4821 850 4892 quotidianos
863 4823 922 4891 {ru-

140 4927 198 4972 ctus
212 4915 374 4969 oblationum
385 4913 536 4992 percipitis,
555 4911 691 4983 exquibus
703 4913 798 4967 olerum
808 4921 834 4966 et
848 4916 924 4968 oesti-

974 4547 1042 4610 lare,
1057 4547 1130 4617 quod
1144 4538 1232 4617 lequrri
1253 4554 1359 4618 tempos
1375 4545 1476 4601 exlusit
1491 4547 1513 4602 ¹.

1008 4635 1133 4692 Gratiam.
1154 4635 1187 4690 dt
1211 4636 1250 4690 illi
1267 4651 1396 4692 econtra:
1417 4635 1502 4706 Cujus
1519 4639 1759 4699 auctoritatenobr's

973 4728 1107 4784 silentium
1128 4729 1275 4799 imponitis,
1297 4729 1414 4796 eiusdem
1432 4733 1591 4797 auctoritaie
1612 4743 1697 4789 restra
1712 4749 1760 4791 erre

975 4820 1135 4875 claudimus.
1150 4821 1193 4874 dit
1217 4823 1285 4877 eniru
1301 4822 1369 4877 idem
1393 4818 1514 4878 Gelasiur
1538 4839 1548 4879 .·
1569 4820 1645 4879 Nullo
1663 4829 1674 4863 ⁸
1689 4840 1759 4896 pru·

975 4909 1112 4966 sortitione
1126 4920 1227 4966 statum
1238 4911 1439 4984 parochiarum,
1452 4921 1505 4968 etc.
1515 4912 1546 4969 st
1557 4929 1618 4985 erqo
1630 4923 1762 4985 temporu-

140 5015 198 5061 iam
217 5005 344 5069 babeatis,
365 5003 459 5072 quibui
484 5017 545 5057 cunr
563 5001 688 5072 Apostoli
709 5002 732 5034 ⁸·
755 5003 852 5059 debetis
867 5011 946 5060 esse‘
975 4999 1009 5054 bis
1024 5001 1135 5072 objectio
1146 5005 1278 5060 dlicceeim
1293 5010 1375 5058 semel
1395 5004 1563 5058 coustitutum
1576 5005 1698 5062 diuellere
1708 5023 1761 5062 uoti

139 5100 274 5166 eontenti,·
300 5098 345 5153 scd
366 5114 419 5153 non
439 5097 529 5164 uultis,
550 5099 614 5169 quic
638 5098 784 5152 imitatores
802 5094 922 5166 ejusaem
976 5099 1070 5158 potest,
1085 5101 1165 5162 pratel,
1185 5095 1256 5165 quod
1274 5112 1321 5149 nec
1335 5095 1406 5150 robis
1417 5096 1637 5165 patrocinabitur,
1656 5109 1760 5166 iit,eta-

138 5196 213 5260 arm,
228 5195 274 5249 „q
283 5198 370 5266 pouq,
382 5210 429 5250 ,ως
442 5193 475 5248 a,
489 5194 567 5248 domo
578 5205 669 5250 mma
686 5188 831 5261 apellen,
842 5197 867 5245 et
880 5204 924 5243 η-
975 5190 1061 5236 tutum
1075 5185 1208 5254 parmula
1226 5197 1323 5242 nostrie
1346 5199 1490 5256 rriutontes,
1506 5191 1690 5247 decimatiouee
1712 5207 1759 5246 no-

138 5285 188 5339 bue
201 5285 298 5340 soceris
315 5303 363 5342 reos
376 5287 479 5346 penitus
500 5284 647 5354 ecepoiiore
669 5281 844 5345 comenditis,
859 5280 920 5335 dum
975 5279 1016 5334 bie
1028 5281 1161 5350 quondam
1175 5281 1289 5352 leqitime
1302 5285 1449 5356 aesiqnatae
1473 5286 1623 5345 vindicabili
1646 5303 1757 5359 usurpo-

106 5549 111 5558 ,
175 5489 473 5561 rosr.l.P.lll.G.'l.
513 5483 1002 5549 *trecenistteauimmacuati.
1043 5480 1174 5538 ”l'lirm
1187 5501 1212 5540 c.
1225 5489 1290 5552 tt,r.
1302 5486 1331 5544 8.
1370 5483 1758 5558 ’¹intmc.t6,q.t.c.li.

173 5568 284 5633 Quasi.
297 5561 329 5620 ll.
339 5562 369 5617 Ρ.
378 5560 400 5617 l.
410 5559 441 5617 (2.
452 5557 474 5618 l.
513 5559 522 5591 ¹
535 5557 585 5627 Ep.
600 5571 654 5613 scr.
669 5553 772 5619 mibi,
786 5557 991 5626 (apocryphum
1009 5556 1141 5609 sententia
1154 5556 1328 5630 &ruodil-
1340 5559 1437 5616 Bucen.
1454 5559 1509 5627 1.·5,
1518 5576 1543 5616 c.
1552 5559 1612 5616 tto.
1622 5562 1687 5618 Atii.
1700 5558 1719 5614 l.
1728 5555 1758 5620 b·

138 5625 854 5707 e.toiuu).rao.t.u,c.ttt5.-ct.c.t6,q.o,c.
877 5627 905 5678 2.
943 5625 1206 5694 ·oeslo.ap..tas.
1244 5629 1334 5686 ’ollii
1382 5629 1655 5701 uibuequeiliorolt.
1688 5623 1757 5684 δοῖ.

139 5704 470 5782 εφῦωΛοριπεετ.
488 5695 778 5765 Mamiliano.
817 5693 1169 5754 ⁸eicclrietitiiirld.coll.o.
1207 5645 1413 5770 ‘iniciabti
1438 5717 1465 5774 q.
1494 5701 1522 5767 5.
1543 5700 1616 5760 ub.

296 5801 436 5864 Persou.
453 5789 664 5859 clxxxvii
1534 5797 1574 5860 lo
