3975 6334
253 328 288 384 ῃ
890 307 1057 368 cutberti
1081 305 1279 368 umescit
1850 307 1882 363 li

258 447 285 504 tn
311 442 363 502 bae
382 445 474 496 nostm
495 434 567 494 lla-bc
591 433 676 492 lloara
692 430 941 502 nuncinspresaum
955 426 1136 498 luleacnper
1149 434 1178 482 ct
1190 431 1322 496 perpetuo
1340 421 1476 496 lomgrm
1487 431 1520 480 et
1541 422 1728 496 iocosrupta·
1741 435 1881 488 merq-

257 551 321 596 tor:
338 531 410 589 ilour
427 528 537 603 proprio
560 537 588 582 et
611 541 643 583 es
662 535 736 582 certa
754 532 846 578 nostra
869 520 994 584 seleutia,
1010 532 1043 574 ac
1065 518 1100 573 de
1111 515 1274 588 Apostolieae
1298 515 1441 586 puteanus
1455 515 1621 587 plenitudiue
1642 516 1768 574 omnibus
1786 526 1814 574 et
1827 512 1881 573 sinl

256 627 326 699 guba
340 625 367 682 iu
383 630 516 680 nostroet
541 631 644 678 sancta
669 619 797 673 llouraua
821 612 949 670 Ecclesiae
966 604 1096 666 'donuinio
1118 609 1196 666 nobis
1224 619 1253 667 ιι
1278 608 1366 664 eidem
1393 608 1523 666 Romanae
1550 608 1679 667 Ecclesiae
1701 611 1819 669 mediate
1842 611 1882 670 rei

257 717 417 778 immediate
440 713 560 782 subjecto
573 709 819 775 commorantibus,
844 704 886 761 uei
909 705 943 760 ad
957 703 1022 760 illud
1035 701 1133 774 quouis
1149 711 1282 774 praetexto
1304 701 1521 769 aduenientibus,
1534 716 1568 760 ae
1590 704 1672 762 etiarn
1690 716 1766 763 extra
1783 707 1881 764 dictum

257 810 410 869 dorrrinium
426 807 539 862 ubilibet
549 800 741 859 exsistentibus
750 795 924 872 typographis
937 804 964 852 et
976 788 1108 850 librorum
1122 793 1331 864 impressoribus
1342 809 1375 850 ae
1386 794 1550 867 bibliopolis,
1564 806 1591 852 et
1604 798 1812 872 quibuscamque
1823 799 1883 856 aliis

257 903 381 976 personis
401 901 524 969 utrisque
548 911 640 961 sexus,
666 894 854 966 cuiuscunque
876 888 1027 962 dignitatis,
1052 897 1151 955 status,
1178 888 1289 958 gradus,
1314 888 1419 946 ordinis
1442 889 1486 946 rei
1503 891 1668 949 conditionis
1688 893 1825 964 existant,
1855 899 1883 955 ιι

256 999 357 1054 sirtrrte
374 1004 476 1050 sanctae
500 991 661 1048 obedientiae
686 1003 719 1044 ae
745 986 797 1044 sub
817 982 1108 1042 excommunicationis
1123 982 1235 1053 ousiosis
1252 981 1315 1038 latae
1336 985 1488 1051 ιιιιιιιιι,
1513 995 1542 1041 ιι
1565 987 1655 1056 quoad
1683 1003 1756 1044 nunc
1779 1001 1810 1048 et
1835 1007 1883 1065 pro

251 1101 379 1161 qnnpore
404 1085 514 1141 indicto
535 1092 629 1139 nostro
654 1091 681 1138 ct
704 1081 831 1136 liomanae
853 1077 982 1134 Ecclesiae
1006 1076 1127 1134 (ιιιιιιιιι
1151 1075 1268 1130 mediate
1282 1075 1324 1132 rel
1344 1077 1500 1133 immediate
1522 1078 1645 1149 subiecto
1667 1095 1885 1156 commorantes,

256 1183 340 1240 epam
365 1177 435 1234 nitra
461 1175 600 1251 praemissa
623 1174 674 1232 sub
697 1171 873 1228 amissionum
891 1169 1034 1235 iibmrum,
1058 1182 1091 1225 ac
1107 1166 1182 1223 mille
1208 1169 1366 1224 ducatorum
1389 1169 1448 1223 auri
1464 1171 1497 1225 de
1511 1170 1636 1238 Camers,
1657 1187 1707 1242 pro
1722 1190 1775 1230 uua
1789 1178 1883 1235 rideli-

258 1281 302 1330 ιρι
314 1269 403 1326 ,impin
426 1267 609 1340 inquisitionis
623 1266 758 1324 baereticae
781 1263 935 1336 pravitatis,
958 1273 987 1319 et
1002 1275 1055 1333 pro
1068 1259 1122 1316 alia
1137 1261 1302 1328 accusatori,
1314 1269 1342 1316 et
1357 1275 1407 1331 pro
1422 1262 1526 1334 reliqua
1552 1263 1641 1322 tertiis
1664 1265 1787 1335 partibus
1801 1271 1884 1340 iudici

258 1363 410 1422 ιιιιιιιιιι
432 1359 659 1418 irremissibiliter
683 1357 921 1430 applicandorum,
942 1355 1060 1426 aliisquo
1074 1352 1180 1410 arbitrii
1198 1353 1284 1408 nostri
1308 1354 1397 1424 poeuis
1420 1369 1454 1412 eo
1479 1355 1541 1426 ipso
1557 1357 1580 1413 si
1599 1367 1628 1414 ct
1648 1358 1756 1429 quoties
1776 1373 1885 1419 contra·

255 1458 359 1514 iactum
383 1454 475 1522 iuerit,
492 1462 520 1509 et
536 1467 585 1526 per
598 1451 745 1523 quemlibet
758 1449 1007 1506 contravenientem
1031 1445 1213 1510 incurrendis,
1241 1445 1395 1516 bpostolim
1412 1449 1575 1505 auctoritate
1594 1458 1687 1507 tenore
1711 1457 1884 1522 presentium

258 1549 413 1609 quisnamne
435 1557 464 1603 ιι
477 1545 676 1610 interdicimus,
701 1557 735 1598 ne
758 1542 843 1615 ipsius
857 1541 979 1598 Gratiani
1006 1541 1150 1596 Decretum
1165 1553 1226 1594 cum
1250 1539 1483 1606 annotationibus,
1497 1549 1527 1598 et
1540 1541 1611 1597 idem
1625 1558 1687 1598 ιιιιι
1708 1544 1821 1616 glossis,
1836 1547 1888 1604 be·

250 1640 405 1698 1ιιιιιιιιιιι
429 1637 553 1709 Gregorii
579 1635 615 1692 ili
635 1635 843 1708 praedecessoris
865 1630 961 1698 nostri,
992 1631 1092 1698 Scato,
1117 1629 1295 1687 clementinis
1325 1639 1353 1687 et
1378 1630 1636 1704 Extraaagantibus,
1667 1645 1698 1690 ut
1720 1635 1885 1705 praefertur,

257 1737 291 1790 de
305 1742 397 1788 cetero
417 1746 466 1804 per
480 1727 643 1785 decennium
659 1743 674 1781 a
690 1726 751 1781 data
780 1725 954 1794 presentium
972 1722 1024 1780 sub
1038 1723 1135 1794 quoris
1149 1723 1227 1778 titulo
1252 1721 1316 1777 alibi
1331 1739 1412 1793 quam
1432 1724 1459 1781 in
1485 1723 1558 1782 ilrbo
1575 1738 1679 1795 nostra,
1695 1739 1724 1785 et
1742 1729 1769 1786 ιι
1789 1731 1885 1788 eadem

256 1825 363 1882 alliciua
380 1820 556 1894 impressoria
573 1818 638 1876 dicti
666 1817 756 1890 popuii
776 1815 903 1883 Rorrraui,
929 1825 956 1872 et
972 1816 1018 1882 iis,
1038 1815 1138 1886 quibus
1162 1815 1306 1871 abeodem
1329 1815 1430 1884 populo
1445 1815 1570 1874 Romano
1582 1830 1611 1875 et
1623 1820 1657 1876 ab
1677 1835 1710 1877 eo
1723 1825 1755 1878 ad
1771 1823 1822 1880 boe
1837 1839 1888 1895 pro

253 1919 315 1990 ipso
327 1915 426 1992 populo
440 1911 588 1986 deputatis,
605 1921 660 1967 tam
683 1907 798 1967 initalia
815 1923 896 1982 quam
912 1918 989 1964 extra
1006 1907 1110 1965 italiam
1136 1907 1250 1964 ubilibet
1274 1907 1390 1965 iacuitas
1414 1919 1442 1966 et
1457 1909 1565 1967 licentia
1580 1927 1630 1983 per
1653 1913 1754 1970 dictum
1779 1925 1888 1989 tempus

256 2011 372 2081 desuper
396 2021 527 2064 concessa
548 2005 642 2074 iuerit,
658 2013 739 2076 prout
762 2019 812 2059 nos
831 2002 918 2058 eidem
935 2001 1036 2072 populo
1059 1999 1183 2057 Romano
1195 2009 1224 2058 et
1241 2001 1346 2058 eisdem
1367 2003 1448 2059 abeo
1471 2005 1617 2074 deputatis,
1637 2017 1667 2062 ut
1682 2008 1836 2078 huiusmodi
1851 2012 1887 2068 ii·

256 2105 374 2160 centiam
388 2110 416 2158 et
428 2099 586 2156 laenitatem
601 2107 656 2153 tam
683 2096 710 2154 ιι
730 2095 806 2151 ltalia
829 2108 911 2164 quam
926 2106 1004 2148 extra
1031 2091 1135 2147 ltaliam
1150 2091 1262 2148 ubilibet
1274 2092 1427 2164 cuicunque
1449 2105 1476 2152 et
1498 2097 1703 2171 quibuscunque
1718 2100 1768 2174 ipsi
1788 2104 1890 2176 populo

252 2197 381 2252 llonrauo
395 2209 443 2250 seu
464 2191 524 2262 ejus
546 2204 641 2262 proco
656 2187 793 2259 deputatis
812 2200 862 2258 pro
879 2195 1001 2255 tempore
1025 2182 1161 2240 uidebitur
1184 2193 1213 2240 et
1235 2183 1364 2255 placebit,
1385 2199 1418 2240 ac
1431 2202 1482 2257 pro
1507 2195 1629 2259 tempore
1642 2192 1730 2248 eidem
1744 2195 1845 2266 populo
1858 2204 1890 2254 et

256 2285 315 2355 ejus
330 2281 467 2354 deputatis
486 2281 575 2336 visum
590 2278 683 2343 irrerit,
698 2275 849 2349 siguidcata
867 2273 943 2345 prius
962 2271 1041 2326 uobis
1053 2280 1081 2325 et
1103 2272 1252 2343 approbata
1270 2281 1398 2343 persona,
1414 2277 1575 2346 concedere,
1604 2280 1732 2353 illamque
1754 2286 1795 2342 sie
1816 2301 1889 2344 eoa·

258 2391 375 2442 cassatur,
392 2383 472 2446 prom
487 2381 515 2429 et
530 2371 640 2443 quaudo
662 2370 714 2428 sibi
738 2367 880 2439 placuerit,
908 2379 1038 2420 reuocare
1061 2361 1146 2420 libere
1170 2373 1200 2420 et
1219 2363 1293 2421 licite
1318 2365 1435 2430 raiaaut,
1459 2367 1645 2439 indulgemus,
1673 2373 1834 2445 impressam
1859 2389 1891 2436 ee

259 2466 470 2539 imprirueralum
487 2475 591 2529 tenere,
608 2459 735 2530 rendere,
747 2459 824 2526 dare,
842 2457 953 2521 donare,
970 2452 1090 2510 uciaiias
1106 2453 1310 2526 quomodolibet
1337 2455 1439 2512 babere
1457 2457 1499 2511 sel
1518 2458 1685 2530 transierreg
1701 2478 1790 2537 neque
1803 2468 1891 2526 etiam

258 2560 310 2630 ipsi
325 2559 429 2628 absque
440 2569 573 2626 expressa
585 2553 668 2611 etiam
686 2553 713 2608 in
728 2551 840 2622 scriptis
854 2545 962 2604 lieentia
974 2545 1097 2616 ejusdcm
1113 2546 1203 2616 popuii
1216 2545 1330 2602 ilomaui
1354 2557 1383 2603 et
1393 2550 1428 2604 ab
1443 2563 1476 2604 co
1497 2551 1685 2621 deputatorum
1702 2557 1803 2612 dictum
1815 2556 1892 2614 (ira-

259 2651 326 2711 tiani
351 2649 493 2706 ιιιιιιιιιι
517 2661 579 2703 cum
596 2645 662 2718 ipsis
686 2640 917 2704 anrrotationibus,
943 2639 1059 2695 elidem
1087 2653 1149 2694 ctum
1168 2637 1276 2709 glossis,
1290 2637 1415 2710 Gregorii
1439 2638 1476 2694 lli
1500 2642 1709 2714 praedecessoris
1733 2651 1819 2704 nostri
1835 2649 1894 2706 ile·

250 2746 415 2810 ἰιιιιιιιιιιιΙ
434 2743 529 2807 Sexto,
547 2739 763 2798 Clementiniset
775 2733 1030 2806 Extrauagantibus,
1050 2739 1081 2787 ιι
1092 2732 1196 2790 (Ιιιιιιι
1220 2743 1274 2796 est,
1288 2733 1457 2804 imprimere,
1476 2751 1527 2792 nee
1545 2740 1708 2808 perdictum
1724 2743 1892 2804 decenuiom

248 2839 346 2898 ⁴abeis
370 2835 413 2893 rel
438 2833 508 2900 aliis,
532 2840 713 2904 praeterquam
740 2842 756 2882 a
782 2827 855 2884 dicta
869 2825 969 2897 populo
983 2823 1108 2880 Romano
1129 2832 1158 2880 et
1183 2825 1218 2878 ab
1242 2840 1276 2880 eo
1300 2825 1446 2897 deputatis,
1469 2827 1511 2882 rei
1533 2829 1567 2885 de
1590 2845 1687 2887 eorum
1712 2834 1842 2905 lieentia,
1861 2849 1895 2896 ιι

259 2937 421 3012 prefertur,
445 2930 608 3001 impressum
632 2935 659 2982 et
682 2921 893 2995 imprimeudum
917 2918 984 2975 alias
1003 2918 1105 2974 babere
1123 2932 1171 2974 scu
1194 2927 1298 2984 ιιιιιι,
1318 2928 1366 2973 ιιι
1388 2919 1471 2975 etiam
1496 2921 1614 2978 rendere
1627 2925 1670 2980 rel
1689 2927 1812 2996 donare,
1839 2949 1893 2993 sea

259 3027 398 3101 imprimi,
426 3023 534 3089 teneri,
556 3019 650 3086 uendi,
668 3015 763 3074 dorsari
777 3055 785 3079 ,
798 3021 856 3104 'aut
884 3011 953 3068 alias
979 3011 1121 3066 transierri
1144 3009 1236 3066 iacere
1258 3026 1307 3082 per
1333 3027 1363 3066 se
1379 3011 1418 3068 uei
1435 3013 1516 3068 alium
1536 3028 1584 3070 seu
1604 3015 1673 3072 aiios
1690 3058 1698 3082 ‚
1713 3019 1820 3090 publice
1847 3030 1894 3088 rel

196 3149 201 3166 ι
254 3120 375 3184 gannim,
389 3117 495 3173 directe
514 3129 563 3170 sen
578 3111 710 3167 indirecte
725 3107 823 3178 quovis
837 3106 950 3176 quasito
963 3102 1106 3160 colererel
1125 3102 1235 3173 ingenio
1260 3102 1378 3158 audeant
1393 3120 1441 3160 scu
1458 3117 1623 3174 praesumant
1639 3129 1647 3164 ι
1662 3111 1697 3165 ιιι
1715 3114 1788 3182 quod
1803 3119 1893 3178 etiam

258 3214 325 3276 nulii
340 3209 450 3268 orrrnino
466 3206 607 3264 bominum
623 3213 677 3258 tam
703 3202 729 3256 in
746 3199 819 3256 Urbe
833 3208 861 3256 et
884 3207 939 3254 tota
958 3195 1049 3261 ltalia,
1067 3211 1149 3266 quam
1163 3205 1242 3251 extra
1263 3195 1351 3252 ubiuis
1367 3208 1522 3262 terrarum,
1549 3217 1704 3271 regnorum,
1736 3206 1894 3276 regionum,

257 3321 287 3368 ιι
299 3303 499 3380 prouirrciarurn
522 3299 604 3355 totius
621 3297 696 3351 orbis
707 3293 788 3348 liceat
813 3290 966 3360 bujusmodi
984 3289 1062 3345 libris
1082 3289 1147 3343 dicti
1162 3285 1237 3343 iuris
1261 3287 1389 3344 Canonici
1404 3291 1457 3357 sic,
1473 3301 1503 3346 ut
1522 3294 1679 3361 praeiertur,
1700 3296 1735 3352 de
1750 3302 1896 3364 ‚mandato

260 3409 353 3458 nostro
375 3392 540 3464 recognitis,
567 3389 699 3444 correctis
719 3394 747 3440 ιι
772 3384 928 3456 expurgatis
949 3382 1095 3453 quidquam
1120 3379 1238 3441 addere,
1261 3381 1404 3437 detrahere
1426 3383 1466 3437 rol
1497 3385 1642 3441 immutare
1663 3396 1711 3442 ιιι
1732 3388 1894 3463 inuertere,

249 3492 367 3549 »anullare
391 3486 632 3552 interpretamenta
656 3477 813 3549 adiungere,
836 3477 883 3531 sed
898 3482 980 3544 prout
995 3487 1065 3544 opus
1087 3471 1241 3540 instiusmodi
1265 3473 1451 3552 nunelilomae
1464 3475 1626 3545 impressum
1651 3479 1712 3544 iuis,
1733 3497 1843 3557 semper
1864 3496 1897 3544 ιι

251 3589 391 3656 ‚perpetuo
403 3576 539 3647 integrum
555 3581 582 3627 ιι
596 3572 783 3640 incorruptum
799 3579 988 3630 conservetur,
1008 3565 1163 3629 statuimus,
1184 3564 1324 3620 sancimus
1334 3574 1363 3620 et
1379 3566 1555 3622 ordinamus:
1569 3572 1730 3632 mandantes
1752 3579 1898 3637 ιιιιιιιιι

253 3685 289 3734 ιι
315 3667 430 3740 singuiis
449 3663 649 3722 uenerabilibus
670 3660 799 3718 iratribus
814 3659 991 3723 Patriareisis,
1007 3655 1226 3727 drclriepiseopis
1243 3666 1272 3712 et
1293 3656 1433 3727 Episcopis
1453 3659 1606 3730 ceterisque
1627 3663 1746 3722 iocornm
1771 3666 1899 3727 ordina·

251 3767 309 3824 .riis
324 3768 460 3819 eteorum
481 3755 596 3812 iicariis
617 3755 644 3810 in
659 3752 848 3824 spiritualibus
870 3761 896 3808 et
911 3748 1115 3822 temporalibus,
1133 3757 1162 3804 ct
1187 3749 1213 3803 in
1229 3757 1300 3804 statu
1327 3749 1468 3820 temporali
1490 3763 1593 3808 sanctae
1612 3752 1740 3814 Roraramc
1756 3760 1899 3822 Ecclesia

250 3857 341 3916 etiam
357 3849 478 3922 legatis,
499 3845 674 3918 llice-legatis
696 3843 775 3902 Sedis
786 3843 958 3916 spostolicae,
981 3857 1014 3896 ιι
1034 3841 1119 3910 ipsius
1133 3847 1222 3896 status
1244 3839 1486 3907 Gubernatoribus,
1510 3843 1693 3905 Potestatibus
1718 3861 1747 3905 ιι
1767 3851 1899 3914 Locum.

261 3945 426 4008 tenentibus,
442 3951 472 3997 ut
493 3940 600 4011 quoties
612 3954 663 4010 pro
676 3947 754 4010 parte
775 3937 839 3994 dicti
861 3934 950 4008 populi
967 3932 1081 3990 bomani
1100 3942 1128 3988 et
1146 3933 1182 3988 ab
1202 3947 1236 3988 co
1249 3933 1450 4004 deputatorum,
1470 3950 1516 3992 seu
1531 3936 1667 3995 licentiam
1681 3950 1709 3998 ιι
1729 3941 1898 4005 laenitatem

251 4039 296 4094 ,ιιι
309 4035 384 4106 ipsis,
400 4044 428 4089 ut
444 4032 602 4103 qrraeiertur,
622 4045 671 4102 pro
686 4040 807 4100 tempore
825 4027 1005 4089 babeutiu'm,
1028 4024 1130 4080 iuerirrt
1152 4024 1288 4094 requisiti,
1312 4024 1353 4081 uel
1375 4040 1469 4081 eorum
1495 4027 1594 4101 aliquis
1616 4030 1700 4088 inerit
1721 4037 1899 4108 requisitus,

260 4129 362 4186 eisdem
375 4126 473 4198 populo
486 4136 514 4181 ιι
531 4123 679 4196 deputatis,
702 4121 783 4177 acab
802 4120 867 4191 ipsis
881 4118 1018 4176 licentiam
1035 4116 1230 4173 etiacuitateru
1256 4117 1418 4174 babentibns
1437 4117 1556 4177 cilicacia
1580 4124 1745 4184 defensionis
1761 4132 1901 4199 prasidio

258 4220 430 4282 assistentes,
455 4217 592 4288 praemissa
622 4215 656 4270 ad
677 4229 787 4270 ιιιιιιιιιι
808 4212 899 4284 populi
922 4210 1038 4266 llomaui
1062 4218 1090 4266 et
1101 4209 1140 4265 ab
1152 4225 1185 4266 eo
1207 4211 1395 4282 deputatorum
1410 4214 1600 4282 praedictorum
1624 4217 1761 4276 licentiam
1777 4237 1824 4278 seu
1852 4224 1904 4281 ia·

260 4313 388 4370 cultatem
409 4308 570 4366 habentibus
595 4306 799 4378 requisitionem
815 4314 911 4361 contra
937 4303 1126 4360 inobedientes
1150 4311 1180 4358 ut
1205 4301 1329 4368 rebelles,
1348 4304 1433 4359 etiam
1453 4321 1503 4376 per
1525 4307 1657 4364 censuras
1677 4311 1900 4387 ecclesiasticas,

254 4405 342 4460 etiam
356 4401 454 4472 saepius
465 4399 651 4472 aggravandas
662 4408 690 4456 et
704 4413 752 4469 per
764 4396 816 4453 alia
830 4395 898 4468 juris
908 4395 1028 4452 remedia
1042 4395 1206 4451 auctoritate
1223 4393 1381 4467 Apostolica
1398 4409 1591 4468 exsequantur,
1614 4400 1740 4460 inspecto
1754 4405 1841 4462 egem
1859 4409 1904 4464 24

260 4497 331 4562 iroc,
348 4495 371 4550 si
382 4509 450 4564 opus
462 4491 554 4558 luerit,
567 4491 668 4547 auxilio
679 4489 784 4546 bracbii
802 4487 944 4546 secularis.

296 4588 330 4643 Et
360 4586 482 4656 insuper,
507 4585 570 4655 quia
594 4581 701 4638 diilicile
724 4581 868 4638 admodum
897 4589 971 4638 esset
994 4588 1143 4652 presentes
1169 4580 1264 4638 literas
1290 4581 1325 4636 ad
1347 4580 1472 4651 quaelibet
1505 4583 1564 4639 loca
1597 4581 1697 4640 deierri
1717 4601 1726 4640 ι
1755 4586 1904 4649 Volumus

259 4679 389 4737 etcadcm
404 4676 561 4747 apostolica
574 4676 736 4732 auctoritate
758 4675 940 4740 decernimus,
953 4663 1060 4730 iiia'rum
1078 4673 1270 4744 transsumptis
1288 4683 1319 4750 et
1339 4674 1473 4746 exemplis
1490 4691 1574 4730 manu
1590 4675 1693 4732 illotarii
1706 4679 1808 4750 publici
1821 4684 1905 4738 snb-

260 4769 424 4842 scriptis,'et
448 4767 536 4840 sigillo
556 4769 640 4824 cauriae
661 4767 704 4824 rel
731 4781 853 4836 personae
882 4767 908 4823 in
932 4767 1065 4839 dignitate
1087 4765 1270 4822 ecclesiastiea
1291 4767 1445 4823 constitutae
1471 4767 1591 4834 munitis,
1614 4777 1642 4824 et
1669 4771 1751 4826 etiam
1778 4771 1805 4826 ιι
1822 4773 1906 4846 ipsis

259 4860 388 4933 operibus
410 4859 548 4932 impressis
572 4859 721 4930 plenariam
744 4869 773 4914 et
793 4858 916 4916 eamdem
937 4873 1049 4930 prorsus
1073 4855 1153 4914 iidem
1178 4857 1276 4930 ubique
1303 4868 1356 4912 ιιιι
1382 4857 1531 4928 injudicio
1553 4875 1636 4931 quam
1658 4873 1737 4916 extra
1753 4862 1906 4933 judicium

256 4952 372 5016 baberi,
388 4966 448 5022 ιιι
471 4949 649 5020 prasenubns
671 4951 837 5007 baberetur:
860 4965 913 5005 ιιι
930 4949 1101 5006 obstantibus
1114 4948 1354 5007 constitutionibus
1367 4958 1395 5004 et
1407 4951 1625 5007 ordinationibus
1646 4947 1837 5022 apostolicis,
1866 4971 1909 5013 ae

259 5057 484 5114 quorumcunque
499 5041 629 5108 locorum,
649 5041 853 5116 gymnasiorum
871 5050 899 5096 ct
915 5042 1135 5108 universitatum,
1160 5043 1242 5095 etiam
1268 5039 1420 5094 studiorum
1440 5039 1606 5110 generalium
1625 5039 1799 5110 juramento.
1823 5060 1909 5100 con·

258 5133 581 5206 iirmationcdpoatolica
599 5133 641 5190 rel
661 5133 786 5204 quamuis
807 5133 935 5190 iirmitate
949 5133 1002 5188 alia
1020 5131 1277 5189 roboratisstatotis
1297 5140 1325 5186 ct
1345 5132 1598 5197 consuetudinibus,
1621 5131 1767 5204 privilegiis
1779 5147 1909 5206 quoqne

259 5226 384 5292 indultis,
402 5235 429 5281 et
444 5226 531 5282 literis
547 5227 712 5298 Apoculicis
736 5225 819 5282 etiarn
836 5225 901 5290 iliis,
916 5233 945 5282 et
970 5224 1088 5292 illorum,
1106 5240 1141 5281 ae
1161 5223 1302 5296 quibusvis
1324 5223 1385 5280 aliis
1398 5225 1534 5296 personis,
1552 5224 1603 5280 sub
1616 5223 1826 5296 quibuscunque
1859 5236 1910 5285 te-

258 5319 372 5374 omibus
384 5328 411 5374 et
425 5317 626 5383 iorrnis,etiarn
641 5327 728 5390 ructu,
743 5319 859 5376 scicntia
874 5328 902 5375 et
927 5318 1070 5390 potestatis
1092 5317 1261 5392 plenitudine
1280 5317 1424 5384 similibus,
1441 5333 1474 5375 ac
1496 5318 1564 5374 alias
1584 5319 1611 5373 in
1624 5318 1792 5375 contrarium
1818 5333 1910 5391 quo-

259 5411 407 5468 modolibet
420 5411 557 5468 corucessis
571 5422 597 5468 et
613 5411 782 5484 approbatis,
794 5427 828 5468 ac
849 5411 876 5467 in
890 5421 1027 5483 posterum
1046 5410 1228 5467 concedendis
1243 5421 1271 5466 et
1282 5411 1475 5480 approbandis.
1488 5409 1592 5478 Quibus
1608 5409 1744 5474 omnibus,
1759 5408 1853 5467 etiarn
1877 5413 1909 5472 ei

257 5502 293 5557 de
305 5501 359 5558 iliis
371 5500 498 5574 specialis
515 5505 619 5560 ιιιιιιι
642 5503 766 5559 lrabcnda
781 5511 864 5568 esset,
891 5519 986 5560 eorum
1020 5513 1129 5558 tenores
1147 5501 1325 5574 presentibus
1348 5517 1398 5571 pro
1418 5502 1554 5574 expressis
1577 5499 1720 5586 babentes,
1741 5501 1795 5558 iliis
1820 5504 1910 5564 alias

257 5593 286 5648 iu
298 5609 347 5650 suo
363 5595 459 5650 robore
474 5593 674 5666 permansuris,
699 5593 751 5650 bae
773 5595 834 5649 uice
848 5595 980 5650 sluutaxat
996 5594 1152 5662 specialiter
1166 5604 1194 5649 ct
1206 5608 1336 5666 expresse
1351 5595 1520 5666 derogaturus,
1546 5592 1692 5648 contrariis
1715 5593 1910 5663 quibust-un·

258 5701 321 5758 qaae.
344 5685 398 5742 but
412 5687 435 5743 si
456 5685 592 5758 aliquibus
611 5685 793 5742 corrrruuniter
811 5687 851 5742 acl
867 5685 974 5741 divisim
1002 5688 1037 5741 ab
1059 5687 1155 5743 eadem
1177 5687 1214 5742 sit
1239 5685 1304 5742 sede
1318 5684 1463 5752 indubum,
1488 5685 1559 5755 quod
1586 5685 1734 5755 interdici,
1755 5691 1911 5756 aruspendi

258 5780 300 5835 ret
312 5777 542 5836 excommunicari
556 5791 610 5835 ιιι
631 5777 737 5849 possint
762 5791 811 5848 per
831 5776 924 5834 literas
939 5777 1108 5852 ipostoiieaa
1131 5793 1185 5836 ιιι
1201 5777 1330 5835 iacientes
1343 5773 1451 5848 plenam
1465 5783 1492 5833 et
1504 5790 1661 5848 expressam
1686 5792 1719 5834 ac
1744 5779 1778 5834 da
1799 5779 1910 5840 serbo
