3975 6334
163 346 216 407 stt

561 356 563 361 ·
658 325 662 333 '
696 352 846 410 namnam
867 353 956 413 rans
974 354 1190 413 amttaotsr.
1206 354 1302 425 acci.
1355 375 1357 377 v

1734 356 1801 440 soe·

163 478 252 519 martae
276 464 369 535 glomos
388 464 412 499 ⁸⁸
446 466 562 535 imperio
581 466 752 535 subiacenti,
780 477 810 523 ut
832 469 903 523 sieut
921 468 949 523 n.
967 474 1116 540 aquaque
1138 468 1171 523 ad
1196 469 1298 524 enltuur
1320 467 1367 527 liei
1383 468 1425 523 rel
1448 468 1509 524 ildei
1531 469 1553 502 ⁸⁸
1573 468 1786 526 Christianorum

151 554 300 625 ,tatiana
317 556 399 613 terris
420 557 539 614 sicarius
554 558 613 615 Filii
629 560 674 617 liei
694 575 755 617 esse
769 562 875 637 ridetur
887 578 951 617 coo-

165 649 289 713 stitutus,
307 649 343 724 ita
369 658 398 705 et
416 647 604 721 Pontillces,·
626 652 696 721 qtsi'
718 653 800 723 ipsius
823 653 951 723 principis

163 740 345 809 apostolorum
369 742 392 775 ⁸⁶
411 744 535 815 'perant
556 742 630 799 uices
650 746 671 809 ⁶,
687 744 854 815 principatus
874 753 949 816 pote·

163 838 261 885 statera
294 830 412 901 amplius
439 848 519 903 quiam
544 842 652 889 terreno
676 832 824 903 imperialis
851 845 950 890 nostrae

161 920 318 977 serenitatis
328 922 508 979 ttiausuetudo
523 922 622 979 babere
634 925 752 991 videtur,
767 940 949 981 concessam

164 1012 243 1067 nobis
259 1022 408 1083 nostraque
431 1014 545 1085 imperio
560 1015 716 1081 obtineant,
730 1017 861 1088 eligentes
874 1018 950 1075 nobis

64 1138 69 1149 -
164 1101 253 1179 ipsum
274 1104 424 1175 principem
442 1106 624 1177 apostolorum
639 1108 682 1163 rel
703 1110 761 1177 ejus
774 1110 890 1168 vicarios
905 1110 951 1164 lir-

163 1204 222 1246 nios
236 1192 307 1262 apud
322 1192 406 1249 Deum
419 1210 480 1251 esse
498 1204 638 1259 patronos.
655 1196 690 1253 Et
703 1198 774 1253 sicut
787 1198 810 1230 ⁹·
824 1198 949 1253 'nostram

162 1292 301 1337 terentum
316 1284 483 1357 imperialem
497 1288 662 1357 potentiam,
678 1289 718 1345 sie
733 1288 793 1359 eltis
807 1304 949 1345 saerosan-

161 1382 234 1431 etam
255 1375 405 1433 Romanam
429 1379 573 1435 ecelesiam
597 1380 765 1437 decrevimus
789 1392 950 1437 veneranter

161 1466 291 1523 ltonorsri
305 1467 339 1533 ’¹,
355 1480 382 1525 et
400 1470 516 1541 amplius
530 1486 611 1541 natatu
625 1480 746 1549 nostrum
763 1472 906 1545 imperium
922 1482 949 1529 et

161 1562 450 1631 terrenum-tirrenum
476 1563 568 1617 sedem
591 1562 804 1627 sacratissimam
825 1565 855 1619 lt.
878 1564 948 1619 Petri

160 1647 276 1717 gloriose
289 1650 414 1715 exaltari,
432 1651 580 1709 tribuentes
594 1654 618 1707 ei
632 1664 804 1725 potestatem,
818 1664 845 1711 et
859 1640 949 1727 gloriae

159 1739 182 1772 '¹
205 1740 364 1812 dignitatem
389 1752 471 1812 atque
495 1743 633 1813 rigorem,
660 1753 689 1800 et
712 1746 948 1804 honorificentiam

995 560 1176 633 ⁴stabilitatem
1210 557 1378 629 procuranda
1404 558 1505 614 luerint
1533 558 1722 629 disponantur.
1749 560 1784 615 Et

1001 652 1074 721 infra
1089 668 1098 708 .·
1111 649 1137 723 ’5
1155 648 1180 704 ι.
1197 649 1326 706 Ecclesiis
1345 650 1488 706 beatorum
1511 650 1693 720 apostolorum
1713 652 1786 707 Petri

1002 750 1029 796 et
1045 738 1121 795 Pauli
1137 755 1185 811 pro
1203 740 1409 795 continuatione
1421 736 1446 771 '⁸
1461 738 1666 795 luminariorum
1681 754 1787 809 posses-

1001 834 1107 888 sionum
1123 833 1222 903 praedia
1239 832 1420 897 contulimus,
1439 840 1467 888 ιι
1482 832 1563 888 rebus
1576 830 1600 863 ’¹
1614 831 1728 885 dirersis
1739 846 1786 887 eas

1002 926 1164 988 ditavimus,
1185 934 1212 979 et
1229 938 1279 994 per
1304 934 1424 979 nostram
1451 923 1617 993 imperialem
1636 922 1785 992 jussionem

1002 1033 1106 1073 sacram
1123 1026 1177 1071 tam
1191 1016 1216 1071 in
1230 1016 1344 1080 oriente,
1355 1030 1437 1086 quiam
1450 1016 1476 1070 in
1489 1016 1635 1078 occidente,
1651 1015 1694 1070 sel
1706 1015 1786 1070 etism

1001 1107 1205 1181 septentrionali
1224 1118 1252 1163 ιι
1273 1110 1421 1163 meridiana
1439 1108 1534 1179 plaga,
1550 1108 1677 1165 videlicet
1693 1109 1719 1163 iu
1740 1108 1789 1163 Ju-

1005 1193 1079 1264 daea,
1093 1198 1213 1264 Graecia,
1228 1198 1309 1264 Asia,
1323 1200 1460 1267 Tltracio,
1482 1200 1571 1256 Africa
1586 1210 1615 1255 et
1638 1201 1729 1268 ltalia,
1745 1182 1789 1260 nel

1001 1278 1117 1347 diversis
1132 1289 1238 1355 iusnlis,
1254 1300 1344 1346 nostra
1364 1290 1492 1363 largitato
1509 1293 1533 1347 ei
1549 1294 1741 1358 concessimus,
1756 1310 1788 1349 ea

1002 1368 1114 1450 p'ro'rsus
1127 1380 1242 1444 ratione,
1264 1390 1294 1435 ut
1306 1396 1355 1451 per
1369 1397 1466 1438 manns
1480 1381 1628 1451 beatissimi
1642 1382 1727 1451 patris
1740 1398 1789 1437 no·

1001 1470 1054 1527 strl
1066 1472 1187 1528 Silvestri
1203 1472 1302 1527 sttatmi
1317 1472 1455 1529 Pontiticis
1477 1489 1718 1545 successorumque
1731 1472 1789 1540 ejas

1000 1565 1090 1620 ornain
1103 1565 1292 1635 disponantur.
1304 1561 1338 1617 m
1350 1566 1420 1633 infra
1433 1578 1442 1617 .·
1457 1564 1512 1637 52.
1526 1566 1608 1620 Beato
1622 1565 1646 1596 '⁸
1657 1564 1788 1620 Silvestre

1002 1660 1011 1678 ·
1024 1656 1099 1712 Patri
1113 1666 1217 1720 nostro,
1232 1672 1338 1713 summo
1351 1656 1473 1713 Pontifici
1489 1667 1517 1712 et
1533 1655 1693 1713 universalis
1713 1656 1788 1712 uritis

1001 1748 1095 1804 llomae
1105 1748 1194 1819 Papae,
1207 1750 1216 1768 ⁶
1228 1759 1257 1803 et
1268 1747 1466 1817 omnibus'ejus
1475 1748 1679 1804 successoribus
1692 1752 1702 1773 ·
1714 1748 1786 1803 Ροιι·

159 1832 339 1903 lmperialem.
360 1834 448 1907 dtqae
463 1838 643 1895 decernentes
657 1840 807 1903 euticianus,
832 1852 862 1896 ut
876 1841 950 1911 pria-
964 1840 1132 1923 B'tiltcibus,
1147 1842 1193 1911 qui
1207 1854 1294 1911 assotae
1307 1841 1334 1895 io
1348 1840 1428 1895 linem
1444 1841 1536 1896 mundi
1549 1841 1575 1894 in
1590 1841 1654 1895 sede
1668 1839 1698 1897 B.
1709 1834 1787 1897 'Petri

109 1982 112 1987 ,
134 1922 275 2000 *cipetum
299 1935 390 1981 terreat
412 1937 467 1981 tour
494 1944 575 1997 super
600 1940 718 1998 qttotuor
739 1933 749 1951 ⁴
773 1932 946 2003 precipuas*

157 2014 247 2079 sedes,
258 2016 481 2085 Alexandrinam,
497 2020 703 2085 Aritioelsenam,
721 2020 948 2095 llierosnlpmita·

158 2103 946 2182 uarat,Constantinopolitoaam,qutametiarnsupercmaes

159 2196 185 2251 in
197 2199 324 2253 unirersa
334 2201 400 2255 orbe
412 2210 545 2256 terrarum
560 2202 688 2259 ecclesias
700 2204 759 2267 liei,
770 2213 797 2257 et
810 2202 946 2271 Pontifex,

156 2292 202 2359 qui
228 2306 280 2361 pro
306 2292 329 2324 '⁸
358 2300 479 2363 ternpore
505 2295 589 2365 ipsius
612 2304 792 2352 sacrosanctae
816 2298 946 2353 Rotnanae

999 1940 1078 1985 erunt
1090 1932 1202 1996 sessuri,
1216 1934 1226 1952 ·
1239 1932 1273 1986 de
1286 1932 1411 2001 praesenti
1422 1933 1607 1988 contradimus
1620 1932 1644 1966 '⁹
1659 1932 1788 2003 palatium

999 2022 1105 2091 imperii
1130 2022 1216 2077 nostri
1245 2022 1280 2055 ¹⁹⁰
1305 2022 1501 2087 boteranease,
1525 2022 1622 2079 deinde
1643 2023 1787 2091 diadema,

998 2112 1127 2169 videlieet
1137 2128 1265 2167 coronam
1277 2112 1479 2183 capitisnostri,
1488 2112 1624 2177 sitnnloue
1633 2112 1786 2185 phrygium,

1000 2220 1051 2260 nec
1072 2220 1124 2261 non
1148 2214 1176 2259 et
1195 2204 1433 2276 superhumerale,
1448 2204 1574 2260 uidelicet
1592 2204 1695 2271 lorum,
1716 2206 1788 2275 qarotl

1001 2296 1141 2368 imperiale
1156 2296 1326 2353 circumdare
1340 2296 1439 2353 assolet
1457 2296 1571 2364 collum;
1591 2310 1686 2351 rerum
1705 2297 1787 2351 etiam

156 2381 280 2438 ecciesiae
304 2386 454 2453 exstiterit,
476 2388 574 2443 celsior
589 2397 616 2444 et
636 2390 761 2458 prinecps
777 2390 884 2446 crunctis
899 2404 943 2445 sa·
979 2466 980 2471 η
1001 2391 1073 2445 'et‘
1089 2388 1258 2463 chlamydem
1272 2404 1449 2462 pnrpuream,
1470 2398 1553 2459 atque
1568 2389 1686 2445 tunicam
1700 2389 1789 2445 cocci·

158 2474 314 2531 cerdatilms
328 2478 410 2534 totius
423 2477 446 2511 ἰ
459 2478 551 2537 mundi
574 2479 705 2541 exsistat.
722 2490 749 2537 et
767 2477 826 2550 ejas
842 2480 945 2551 judicio
1001 2496 1092 2545 neam,
1103 2491 1130 2536 et
1145 2481 1235 2535 orttnia
1249 2481 1398 2551 imperialia
1413 2481 1584 2548 inclamenta;
1600 2482 1646 2537 sed
1660 2490 1687 2537 et
1698 2482 1788 2553 dipisi-

722 2632 940 2693 nutationes
957 2636 1228 2695 connectendas.

154 2736 225 2805 leste
235 2746 265 2805 S.
279 2748 402 2805 siluestri
417 2749 534 2823 legitur:
550 2750 626 2819 eujus
639 2759 712 2803 actus
726 2746 792 2803 clari
804 2749 945 2803 trahentur.
1002 2750 1099 2822 solent)
1127 2750 1255 2805 llontaaae
1271 2750 1392 2806 ecclesiae
1416 2764 1468 2805 nou
1496 2751 1563 2805 satis
1585 2765 1687 2822 mqutrs.
1713 2749 1788 2808 llane

155 2816 331 2875 lraceuiunlur
344 2835 408 2875 aero
427 2822 509 2877 etiarn
527 2820 606 2876 bodie
620 2821 781 2890 pervetustis
795 2818 891 2873 litteris
905 2824 949 2875 tle·
1000 2822 1114 2876 estsdeut
1144 2821 1318 2875 donationem
1354 2831 1417 2875 astte
1450 2820 1609 2875 Gratiatunn
1642 2821 1789 2879 recitarent

154 2891 292 2959 scriptain
306 2890 470 2946 bibliotheca
485 2890 637 2955 Vaticana,
653 2902 681 2945 et
701 2889 817 2945 abbatim
837 2888 948 2944 Nouato·
998 2892 1154 2956 Ausebnus,
1169 2890 1325 2953 deusdedit,
1338 2890 1385 2945 lvo
1398 2891 1465 2946 loeis
1478 2892 1589 2946 notatis.
1607 2891 1668 2957 ero
1682 2907 1714 2947 eo
1730 2910 1790 2961 par·

155 2962 228 3022 tttlse,
243 2976 359 3029 atrorum
373 2962 506 3029 interpres
519 2964 544 3016 in
561 2961 694 3030 protentio
708 2960 766 3016 liaeo
777 2963 837 3015 ait:
854 2959 953 3015 llista·¹
1001 2961 1096 3025 tinent,
1112 2977 1172 3031 qtae
1188 2962 1285 3016 Petrus·
1299 2962 1444 3016 Daratianus
1458 2961 1484 3015 in
1499 2962 1694 3030 disceptatione
1709 2978 1789 3033 syno-

153 3032 312 3101 riapraplms
325 3041 413 3086 noster
430 3030 557 3087 Etrsebiss
569 3030 698 3087 Caesareae
714 3030 858 3085 Balentium
873 3030 945 3085 orbis
998 3032 1052 3086 dall
1068 3032 1138 3086 inter
1163 3032 1266 3101 repitent
1291 3036 1450 3087 aduocatum
1475 3041 1502 3086 et
1524 3030 1652 3084 ltaumae
1665 3034 1788 3086 ecclesiae

151 3102 307 3171 episcopus,
328 3118 408 3171 quarn
435 3103 572 3157 historiam
593 3100 794 3158 eeclesiasticam
809 3101 944 3169 scriberet,
1001 3102 1171 3158 delensorern
1188 3104 1317 3170 scripsit:
1333 3102 1410 3171 depe,
1426 3102 1529 3170 triariis.
1545 3100 1722 3167 Constantini,
1738 3106 1790 3155 iin-

152 3172 320 3237 proternsisit
333 3188 375 3233 ea,
387 3174 483 3240 puteis
493 3172 554 3227 aliis
569 3172 702 3241 opusculis
712 3181 783 3235 sunt,
797 3172 836 3225 nel
850 3188 945 3241 paese
1001 3175 1131 3241 mentoris
1140 3175 1265 3236 odierant,
1276 3174 1320 3227 sbi
1330 3175 1399 3228 sedis
1409 3173 1558 3239 spostolicae
1566 3172 1698 3226 connitaris
1709 3189 1792 3240 super
1877 3224 1881 3231 ,

153 3242 269 3295 messinis
292 3240 422 3297 retulisse.
445 3244 516 3297 Nam
537 3244 630 3313 niptnti
645 3242 726 3297 libros
743 3244 859 3297 antalam
872 3258 946 3312 partae
999 3259 1088 3298 omnes
1106 3244 1133 3297 ia
1146 3244 1207 3297 arbe
1227 3240 1357 3297 terrarum
1375 3245 1497 3297 ecelesias
1511 3243 1699 3319 principatum.
1716 3243 1787 3297 Nona

151 3313 359 3380 provinciarum,
379 3316 513 3383 passiones
537 3325 695 3385 ntastprum,
719 3313 899 3382 episcoporum
921 3322 945 3369 ιι
997 3324 1136 3383 postauam
1158 3330 1238 3382 supra
1260 3330 1353 3382 carpes
1367 3312 1400 3367 B.
1419 3310 1644 3367 Petri'basilicam
1661 3311 1789 3382 lartdotor'

152 3382 356 3451 confessorum.
382 3396 406 3437 ιι
435 3385 725 3449 sacrarum-cirninum
751 3399 782 3436 ac
806 3375 980 3437 mulierumC
997 3386 1097 3447 erexit,
1115 3392 1252 3453 postauam
1278 3384 1467 3455 patrinrelss'unt
1496 3381 1671 3437 Lateraaense
1698 3384 1726 3435 in
1752 3384 1786 3437 ll.

152 3454 285 3533 continere
301 3454 371 3522 [ecit.
391 3454 492 3509 Deinde
514 3463 618 3509 secretus
633 3465 657 3508 ιι
678 3456 710 3508 als
731 3452 847 3523 apostolo
863 3450 944 3507 Petro

152 3538 271 3575 omntom
290 3524 470 3595 episcoporum
486 3526 592 3579 nomino
609 3534 634 3579 et
652 3534 724 3595 petto
738 3522 904 3591 conscripsit,
919 3534 945 3578 ιι

107 3588 118 3609 “
152 3608 244 3647 sarum
256 3594 372 3662 urbiam,
384 3610 537 3666 procreem
548 3595 717 3666 pontificatus
728 3609 775 3663 per
787 3594 944 3663 apostolicas

151 3662 225 3716 sedes
247 3674 335 3717 tenere
357 3675 510 3729 noscuntur,
534 3674 562 3719 ιιι
590 3667 651 3719 urbs
670 3664 771 3728 Rostra,
788 3664 944 3727 Aratioclria,

153 3731 349 3804 Hierosolyma,
362 3735 480 3804 Ephesus
495 3746 519 3789 ct
532 3736 704 3789 Alexandria.
722 3733 823 3788 llarunt
841 3734 945 3789 urbium

152 3806 334 3873 episcoporum
350 3807 468 3860 omniunt
487 3807 681 3876 praeteritarum
696 3806 801 3859 troanno
815 3820 895 3875 usque
909 3806 944 3857 ad

152 3883 253 3943 umpss
267 3892 345 3930 sunta
359 3886 382 3931 ιι
398 3886 469 3945 pasta
483 3893 568 3947 praeco
586 3892 703 3930 sermone
718 3874 882 3943 coriscripsit.
903 3873 946 3930 lia

152 3958 204 4011 qno
220 3960 328 3999 numero
345 3962 426 3999 uaurn
451 3952 631 4016 episcoparetur
645 3946 717 4000 urbis
732 3942 823 3999 llamac
839 3946 870 3999 S.
892 3942 945 3999 Sil-

152 4025 268 4069 uestrstm
279 4032 319 4071 nte
330 4016 362 4070 tle
372 4032 457 4087 praeco
468 4018 495 4071 iu
506 4016 620 4071 latinum
631 4015 774 4085 transferre
785 4016 943 4085 praecepisti,

152 4085 258 4141 domine
276 4098 368 4141 sancte
387 4104 418 4140 ac
439 4086 513 4142 beate
533 4096 617 4153 pater.
640 4084 743 4152 Quibus
765 4085 868 4150 uerbis,
886 4086 945 4155 quti-

152 4171 263 4225 cnntpte
285 4156 322 4213 sit
340 4167 438 4213 atteror
455 4158 534 4213 istius
550 4156 691 4227 prooemii,
711 4154 806 4209 eadem
820 4164 894 4223 gesta
911 4154 944 4209 ab

154 4224 272 4283 Eusebio
284 4242 372 4295 praece
387 4228 488 4297 scripta
514 4227 598 4299 luisse
623 4226 697 4281 clare
712 4224 863 4294 prolltotur.
879 4224 945 4291 Qttau

152 4298 235 4351 etism
254 4298 280 4351 in
302 4298 492 4353 rettsstissimis
504 4296 702 4368 pontificalibus
717 4304 744 4349 et
755 4294 904 4362 codicibus,
918 4296 943 4348 in

151 4367 253 4433 ustibus
271 4378 429 4423 sattctorutn
456 4369 519 4425 sitan
541 4378 606 4423 sum
626 4366 779 4436 descriptae,
801 4365 828 4419 in
842 4366 896 4418 rito
912 4364 941 4418 tt.

154 4436 277 4492 silvestri
291 4438 456 4493 releruutur.
473 4438 580 4493 Partem
603 4439 698 4492 bortrm
713 4447 835 4491 actorum
857 4436 942 4506 (nisani

154 4509 188 4561 ιιι
204 4508 367 4577 baptismum
386 4508 571 4570 Constantini,
593 4519 621 4564 et
636 4506 767 4577 lanugines
796 4504 847 4561 SS.
870 4504 943 4561 Petri

154 4587 183 4631 et
195 4576 271 4633 Pauli
285 4584 402 4649 spectat)
424 4580 507 4635 relect
531 4578 683 4635 lindriaaus
701 4576 774 4647 Papa
789 4577 817 4631 in
830 4577 941 4647 epistola

153 4648 333 4704 ιὶοιιιιιιιιίιιο
347 4650 503 4720 temperaturi
526 4659 553 4703 ιι
574 4648 651 4703 matri
664 4646 747 4702 trena
761 4647 813 4701 scri
835 4658 872 4712 ta,
884 4660 944 4714 ιμιιι

154 4720 181 4772 in
199 4720 307 4775 actione
331 4718 350 4773 ι
374 4721 495 4791 septimae
516 4718 676 4774 uniuersalis
699 4716 794 4788 synodi
815 4663 832 4772 Γ

996 3452 1145 3510 Saloutaris
1172 3456 1270 3508 licitere
1292 3455 1457 3520 construxit,
1486 3468 1549 3507 titos
1572 3468 1619 3522 per
1643 3454 1787 3523 imperialis

996 3524 1116 3591 rescripti
1139 3526 1232 3579 seriem
1258 3523 1384 3579 liomanoe
1403 3523 1518 3579 ecclesiae
1536 3522 1669 3577 constituit
1682 3586 1691 3597 ι
1702 3524 1788 3594 dipai·

996 3604 1086 3661 sarteas,
1098 3595 1143 3649 ubi
1156 3596 1280 3648 nimirum
1292 3592 1324 3648 B.
1340 3593 1464 3649 Silvestro
1478 3594 1582 3663 satisque
1592 3596 1786 3648 successoribus

995 3666 1101 3730 obtulit,
1120 3674 1148 3719 ιιι
1169 3666 1250 3734 repali
1269 3674 1375 3719 asareel
1397 3681 1478 3719 ιιιιιιι
1495 3680 1592 3718 corona
1612 3664 1787 3734 plecterentur

994 3736 1125 3803 incapite,
1138 3751 1162 3790 et
1185 3744 1285 3790 ceteras
1308 3735 1372 3805 repii
1386 3738 1473 3789 cultus
1489 3733 1589 3803 infulas
1616 3746 1783 3805 usurparent.

1003 3802 1097 3859 l'erntu
1112 3806 1145 3860 lt.
1158 3804 1282 3861 Silvester
1294 3817 1458 3868 attramento,
1473 3821 1532 3875 aare
1546 3806 1707 3859 sacerdotali
1722 3822 1786 3859 coir·

995 3892 1087 3945 praere
1101 3876 1240 3945 judicabat
1255 3874 1353 3945 officio,
1374 3876 1402 3929 ia
1414 3877 1533 3946 proprias
1555 3891 1619 3929 oses
1644 3878 1784 3943 assumsir,·

995 3962 1121 3999 eoronam
1135 3962 1206 4009 aero,
1220 3946 1258 3999 ιιι
1272 3958 1439 4015 cereamque
1460 3946 1543 4015 acopis
1555 3945 1695 4000 ambitiosa
1707 3962 1787 4015 qnam

995 4026 1107 4085 rtrpsttea
1126 4017 1290 4077 uidebantur,
1305 4018 1402 4071 omisit.
1423 4014 1473 4070 Cui
1497 4017 1575 4069 etiam
1595 4014 1787 4069 Constantinus

996 4084 1171 4139 lateranense
1178 4085 1319 4155 siclinium,
1330 4090 1400 4157 priori
1415 4099 1521 4141 eatenus
1531 4086 1594 4140 cala
1605 4087 1699 4153 repulit
1709 4087 1787 4139 exsti-

995 4164 1074 4220 terat,
1088 4167 1208 4223 perpetrm
1225 4156 1278 4209 'nro
1289 4158 1426 4222 coracessii,
1439 4171 1548 4225 repnum
1559 4154 1646 4208 ltaliro
1658 4154 1784 4224 judican-

995 4226 1059 4278 tium
1077 4227 1196 4297 tradidit.
1211 4172 1282 4279 linia
1303 4236 1326 4280 et
1339 4228 1422 4293 ipsius
1440 4227 1506 4295 repis
1530 4226 1585 4279 llaec
1603 4225 1680 4279 rerba
1703 4237 1785 4278 snat:
1814 4249 1817 4256 ⁴

998 4313 1008 4344 a
1026 4292 1101 4349 Unde
1123 4312 1278 4365 cotrprnstm,
1297 4315 1307 4347 ι
1323 4297 1427 4367 iuquit,
1446 4314 1455 4347 t
1471 4298 1651 4366 prospeximus
1666 4304 1787 4347 nostraene

995 4365 1180 4433 impositiones
1195 4366 1265 4436 repul
1281 4375 1433 4434 potestatem
1457 4366 1626 4419 orientalibus
1645 4364 1786 4433 trarnsferri

995 4451 1027 4488 aa
1050 4436 1147 4489 mutari
1169 4437 1328 4505 repiorribus,
1357 4449 1380 4491 ιι
1411 4438 1439 4490 ia
1473 4434 1621 4505 lipsaetino
1650 4436 1786 4503 prouincia

994 4506 1127 4574 inoptimo
1141 4506 1196 4559 laco
1214 4506 1312 4560 trontiui
1339 4518 1426 4562 rtostro
1451 4507 1581 4561 ciuitatem
1600 4504 1740 4571 aedificari,
1761 4514 1787 4556 te

995 4588 1113 4630 trostrsnu
1126 4577 1181 4629 illic
1199 4576 1322 4630 caitstt'tui
1336 4578 1490 4646 imperium,
1504 4577 1637 4645 quoniam,
1658 4574 1701 4637 ubi
1712 4576 1787 4641 piria-

995 4646 1096 4716 cipatus
1114 4649 1279 4699 sacerdotum
1299 4655 1324 4701 ιι
1335 4647 1492 4700 Claristionte
1507 4645 1642 4715 relipiattt's
1661 4654 1739 4714 caput
1752 4642 1785 4697 ab

824 4718 941 4772 nabetur.
958 4716 1258 4789 „inperatorecoeteat
1269 4718 1494 4784 consolaremur,
1503 4716 1606 4787 justam
1622 4730 1673 4768 non
1691 4724 1740 4782 est,
1757 4724 1786 4767 ut

153 4788 243 4859 ipsum
275 4798 368 4845 sutem
405 4791 574 4861 privilegium
613 4790 671 4843 lere
697 4788 831 4856 integrunt
858 4787 942 4841 relect
995 4786 1051 4839 illic
1066 4786 1442 4852 imperatarterreuuslmleat
1458 4795 1620 4856 potestatem.
1643 4784 1711 4840 ille
1733 4790 1786 4838 bae

154 4856 208 4913 beo
223 4858 270 4926 tx,
292 4862 352 4917 loco
378 4862 503 4930 superius
518 4860 652 4922 iudicato,
667 4868 695 4913 et
709 4856 866 4913 Tbeodorus
881 4856 942 4912 Bal·
960 4880 965 4885 ·

154 4946 248 4985 saturon
274 4932 300 4985 iu
321 4929 411 4986 Pbotii
439 4944 666 4993 ttosnocuuonem,
691 4927 762 4983 titul.
778 4928 806 4991 ll,
827 4944 886 4998 casp.
907 4928 940 4993 l,

154 5014 309 5072 quanipusur
332 5002 395 5057 aliis
420 5002 447 5056 in
470 5002 552 5057 rebus
576 4998 762 5073 (quaterent
784 4998 941 5069 plerumque

995 4858 1091 4911 eadem
1119 4872 1148 4911 re
1168 4857 1263 4911 scribit
1281 4860 1339 4913 nalo
1363 4856 1521 4913 Viennensis
1543 4856 1569 4909 in
1590 4857 1786 4910 comateanuio

995 4928 1085 4982 aecttis
1111 4938 1207 4985 sexta.
1227 4936 1255 4980 et
1273 4928 1417 4983 tiotlredus
1437 4926 1613 4983 viterbiensis
1633 4927 1661 4979 in
1676 4926 1787 4982 ebroni-

995 4998 1046 5061 cis,
1056 5008 1127 5069 port.
1139 4999 1167 5064 li,
1183 5014 1244 5068 capt.
1257 4998 1284 5053 2.

190 5306 266 5367 lltsr.
282 5307 375 5365 xctt.
398 5308 431 5365 C.
442 5306 512 5365 xttt.
525 5308 549 5340 ⁸⁸
565 5306 701 5361 eeclesiae:
716 5304 783 5359 Edd.
798 5303 860 5359 coll.
870 5318 897 5357 o.
913 5301 935 5335 ⁸⁸
949 5303 1013 5356 adu.
1037 5318 1044 5355 ι
1063 5302 1091 5354 in
1114 5313 1191 5354 terras
1206 5313 1214 5352 t
1229 5298 1297 5354 ιιιιιι.
1321 5297 1383 5352 ιιοιι.
1395 5315 1422 5353 a.
1436 5313 1478 5367 pr.
1491 5295 1554 5351 liss.
1566 5326 1602 5338 -
1614 5297 1696 5362 rpsins
1711 5297 1787 5365 pris·

154 5380 220 5449 cipis
238 5381 416 5449 apostolorum
428 5382 498 5434 niae:
511 5384 577 5432 bns.
599 5378 623 5409 ⁸·
636 5386 661 5431 et
674 5378 748 5431 'sieut
764 5384 853 5429 nostra
866 5384 902 5427 est
915 5382 1032 5431 terrena,
1043 5382 1098 5426 etc.
1115 5386 1123 5424 r
1141 5370 1208 5425 boo.
1223 5370 1284 5425 coll.
1295 5383 1322 5422 o.
1332 5385 1365 5423 er
1377 5368 1557 5423 busceslsirl.
1570 5366 1646 5424 ldsrl.
1666 5365 1687 5398 '¹
1698 5366 1785 5424 bosa·

154 5466 215 5505 rare
229 5468 236 5503 :
249 5450 311 5505 lsid.
321 5450 511 5505 blasi-llus.
522 5478 558 5489 -
571 5448 638 5503 bau.
658 5447 721 5503 coll.
741 5462 769 5501 o.
787 5460 830 5517 pc.
846 5442 951 5515 lapda.
967 5444 1000 5507 ll,
1012 5442 1055 5497 ΙΙΙ.
1093 5440 1117 5473 ”
1131 5452 1154 5495 ιι
1169 5442 1281 5512 plurimrs
1295 5457 1303 5493 ι
1318 5440 1387 5493 aad.
1400 5439 1464 5495 coll.
1484 5453 1520 5519 o..
1535 5436 1574 5520 ι’·
1584 5453 1630 5505 per
1642 5447 1760 5508 tempora
1775 5453 1784 5490 s

154 5520 222 5575 ndu.
248 5520 312 5576 coll.
327 5512 403 5576 oser
425 5522 492 5575 bus.
530 5520 553 5553 *ι
567 5529 591 5573 ιι
605 5520 685 5573 totins
701 5519 787 5571 reteri.
804 5531 845 5585 pr.
860 5513 965 5584 Lupdtl.
982 5514 1010 5580 ll,
1027 5514 1066 5568 ΙΙΙ.
1103 5511 1176 5567 ’'sel
1190 5512 1270 5582 fidens
1284 5508 1385 5563 Clarist.
1396 5510 1437 5584 uel
1453 5508 1622 5563 stabilitatem
1639 5510 1728 5589 rescat.
1749 5522 1784 5565 ex

152 5594 221 5645 Ans.
257 5591 281 5626 ⁸⁸
292 5592 491 5646 concinnatione
505 5604 513 5645 t
525 5590 587 5645 lsto.
600 5588 676 5643 blerl.
688 5616 722 5629 -
732 5590 797 5649 Acts.
835 5586 858 5617 ’⁷
873 5586 944 5655 apud
955 5587 1022 5639 Ans.
1037 5588 1096 5639 liaeo
1107 5585 1143 5637 ito
1157 5584 1284 5650 leguntur
1299 5598 1307 5634 ε
1322 5592 1346 5635 ιι
1361 5595 1408 5650 per
1430 5590 1547 5635 nostrane
1559 5580 1624 5649 imp.
1636 5592 1785 5659 pontonem

154 5662 181 5715 ιἰι
204 5661 338 5717 occidente
352 5664 427 5715 rebus
439 5664 547 5716 dirersis
557 5677 601 5716 eas
612 5660 763 5720 ditaoimns,
774 5657 810 5709 tel
823 5658 901 5710 eriam
914 5674 931 5709 a
941 5655 1153 5725 septentrionali,
1167 5655 1235 5725 ete.)
1271 5653 1295 5686 ’⁸
1310 5654 1356 5706 lto
1370 5651 1439 5705 Pan.
1450 5651 1468 5704 l.
1486 5650 1512 5714 ι,
1535 5664 1562 5702 ι.
1574 5650 1599 5703 ι.
1618 5646 1696 5701 llecr.
1708 5662 1736 5713 p.
1753 5651 1782 5710 b,

154 5730 199 5786 ιιι.
213 5762 248 5773 -
263 5731 319 5801 {Eat
333 5742 487 5787 testamenta
498 5732 634 5787 coristituti
652 5732 734 5784 riustri
750 5728 925 5793 concredimus,
942 5737 996 5779 eta.
1031 5726 1227 5781 ”tradidimus
1241 5736 1250 5775 :
1266 5723 1334 5780 toa.
1354 5718 1419 5777 l'en.
1433 5722 1453 5787 l,
1473 5721 1504 5787 ll,
1530 5718 1614 5789 bugd.
1645 5716 1666 5771 l.
1679 5745 1714 5759 -·
1727 5727 1783 5771 trs·

154 5803 242 5857 dimas
256 5820 263 5857 :
278 5803 347 5861 Edd.
361 5804 422 5859 coll.
435 5803 483 5858 rel.
524 5802 558 5835 ¹⁸⁰
577 5801 660 5857 nostri
678 5802 776 5857 :abest
788 5799 822 5855 ab
834 5796 898 5853 aad.
915 5801 979 5867 Arg.
996 5796 1035 5856 bs
