3975 6334
123 355 188 415 Μ

551 364 696 423 obtutui
710 366 800 423 tans
811 366 981 425 SECUNDA.
1002 368 1114 427 CAUSA
1133 372 1179 429 xl.
1199 374 1337 441 QbAEst.
1353 376 1395 432 ΙΙΙ.

1715 372 1770 445 880

130 470 166 529 (i
186 468 281 527 Killl.
299 469 393 528 Parcae
418 484 443 529 et
466 478 575 532 curritur
590 495 681 537 turrem
701 501 752 539 aron
772 497 834 540 aunt
857 504 928 542 rom·
944 491 966 551 Α
981 494 1131 547 trorninnttrr
1147 492 1274 561 elrioaut,
1291 503 1345 550 etc.
1366 494 1389 551 0
1411 506 1512 564 quanta
1539 498 1698 572 integritas!
1715 505 1770 565 Noa

465 548 602 603 mittenda.

218 632 286 687 tren
302 634 372 690 idern
390 652 470 705 saper
486 639 624 694 duodecim
645 642 789 713 Propitetaa
803 647 857 702 ¹⁸⁸:

170 724 286 792 erarrrlo
302 742 368 797 crgo
382 728 425 783 uir
438 730 650 800 ecclesiasticus,
664 744 691 788 et
706 738 930 810 prudens,att1oe

132 816 302 889 intelligens,
324 819 425 877 rrrrrltas
446 822 600 891 impietates
619 826 646 878 in
664 841 713 893 ea,
734 843 795 898 quae
816 840 930 885 uocatur

132 910 233 965 dotatus
251 911 310 974 liei,
330 927 390 969 esse
407 918 618 985 cognmentum
635 936 689 973 uon
711 920 799 976 soirtm
818 922 929 989 multas,

132 1001 182 1057 seo
203 1012 232 1057 et
251 1002 352 1068 fortes,
366 1015 393 1060 et
407 1022 467 1075 (μου
485 1010 639 1079 opprimere
658 1012 764 1081 possint
779 1011 929 1084 justitiam,

131 1102 161 1149 et
177 1094 204 1147 in
222 1102 328 1149 tantum
345 1098 486 1153 doctorum
501 1100 604 1156 rabiem
619 1103 796 1170 processisse,
811 1115 840 1159 ut
854 1106 929 1161 arci·

132 1185 211 1261 piant
235 1187 351 1257 pretium
370 1189 405 1223 ¹⁸⁸
418 1192 444 1244 in
462 1192 585 1261 jardicio,
598 1203 627 1250 et
641 1196 732 1250 omnia
746 1211 795 1265 pru
810 1198 930 1252 muneri·

133 1275 186 1333 bos
201 1276 314 1345 iaciant,
336 1295 471 1352 pauperes
489 1284 621 1355 ‘orroqrre‘
641 1286 763 1342 uentrem
785 1288 813 1342 iu
831 1295 928 1357 portia,

132 1377 162 1422 et
179 1371 277 1429 audire
293 1383 481 1443 contemnant,
500 1384 591 1433 taceat
616 1378 644 1432 in
669 1379 715 1434 illo
739 1390 871 1451 ternpore,
897 1398 931 1439 nc

133 1464 180 1516 ‹tct
195 1464 231 1498 ¹⁸⁸
242 1474 370 1522 sanctum
382 1470 508 1533 canibus,
523 1480 551 1525 et
571 1486 606 1526 ne
619 1472 654 1504 ¹⁸⁸
668 1474 757 1527 mittat
768 1476 932 1545 margaritas

133 1564 201 1609 ante
214 1570 327 1625 porcos,
340 1559 387 1629 qrri
397 1564 523 1618 conversi
538 1563 700 1619 conculcent
715 1580 779 1629 cas;
795 1576 825 1621 et
839 1568 931 1625 imite-

136 1655 183 1706 tur
200 1646 369 1706 Hieremiam
385 1651 420 1685 ¹⁸⁸
442 1654 578 1711 dicentem
595 1674 603 1709 ε
625 1656 706 1711 Solus
722 1660 854 1725 cedebant,
869 1662 931 1729 qaia

133 1738 316 1794 amaritudine
330 1740 442 1809 rapietur
452 1760 513 1799 earn
526 1744 572 1811 ⁸⁸⁸,
584 1746 624 1801 ‘et
638 1745 703 1803 tttuo
712 1748 739 1801 in
753 1747 863 1804 Psalmo
874 1750 930 1803 ¹⁸⁸:

134 1826 315 1897 Siupaiariter
328 1848 387 1887 tata
398 1850 457 1904 epo,
475 1837 558 1892 donec
569 1840 725 1894 transeatu'.

134 1918 168 1975 C.
189 1918 286 1977 xxti.
316 1923 383 1979 Cum
400 1942 505 1995 popano
525 1930 669 1996 comedere,
684 1932 729 1986 aed
746 1949 806 1987 eunt
826 1949 931 1988 mortr-

366 1998 501 2053 ntuuicato
513 2000 620 2055 minime
631 2001 702 2056 iicet.

136 2081 206 2140 Item
218 2082 340 2151 ioannes
351 2086 650 2159 chrysostomumionr.
661 2090 713 2147 tt
721 2090 751 2148 i'.
764 2094 799 2148 ad
812 2110 871 2161 eap.
885 2095 930 2151 tt.

398 2160 473 2229 epist.
486 2160 522 2213 ad
534 2160 682 2216 lleiraor:

170 2247 212 2303 liti
229 2264 351 2314 prensam
368 2251 467 2322 quippe
478 2267 645 2325 paganorum
657 2257 679 2310 si
694 2255 813 2313 uolueris
828 2258 863 2291 ¹⁸⁸
879 2260 931 2325 ire,

136 2339 196 2395 sinc
210 2340 263 2395 ulla
278 2342 460 2415 prohibitione
474 2345 667 2415 permittimus.
680 2346 714 2401 Et
727 2348 799 2419 iufra
809 2368 820 2406 .·
833 2349 847 2422 5
859 2351 885 2405 l.
899 2349 932 2407 Si

137 2430 171 2464 ⁸⁸⁸
191 2434 261 2487 eninr
284 2436 342 2505 poia
362 2436 462 2505 scater,
485 2436 594 2507 inquit,
617 2440 770 2494 acuminatur
784 2441 853 2495 inter
876 2459 931 2497 aas.

137 2522 262 2578 Fratrem
284 2525 310 2580 io
323 2525 375 2582 lroc
396 2526 457 2584 loco
470 2543 579 2583 omnem
594 2528 701 2586 boetem
714 2531 877 2604 simpliciter
892 2533 932 2587 iu·

137 2611 240 2681 tellige,
257 2629 311 2667 raon
327 2614 361 2661 ¹⁸.¹
378 2617 539 2674 monachum
556 2628 672 2674 tautum.
693 2618 763 2686 Quid
786 2629 876 2677 autem
890 2633 932 2677 eat

137 2704 208 2773 quod
224 2704 289 2761 lacit
304 2708 338 2741 ⁸⁸⁸
349 2707 560 2778 fraternitatem,
582 2712 634 2768 nisi
653 2712 793 2768 lavacrum
818 2728 932 2784 regene-

137 2796 262 2862 rationis,
280 2803 352 2867 ‹pmrl
368 2800 435 2858 iacit
453 2818 532 2874 posse
547 2804 638 2859 uocari
655 2804 739 2859 licum
759 2812 866 2876 patrem
881 2803 933 2859 ¹⁸⁸?

137 2886 171 2941 lt’t
188 2888 262 2979 infra
277 2891 314 2963 :i
330 2892 358 2946 2.
376 2892 406 2949 Si
427 2896 503 2966 quia,
519 2896 624 2966 inquit,
647 2898 797 2952 nominatus
817 2905 831 2933 ⁸
852 2897 933 2966 fuerit

137 2979 223 3048 frater
239 2982 396 3052 fornicator,
407 2999 452 3041 aut
466 3004 574 3056 auarus,
590 2998 637 3043 aut
654 2990 787 3055 ebriatur,
802 3006 862 3044 cant
882 2990 934 3043 lurt-

132 3071 255 3141 y'urntodi
277 3092 325 3130 uec
340 3079 426 3133 cibum
443 3096 546 3135 scatere
564 3082 609 3136 ¹⁸⁸.
628 3081 715 3149 Quum
733 3091 825 3137 autern
838 3082 873 3137 de
887 3096 933 3151 pa·

981 585 1093 640 'atatem‘
1109 601 1162 641 non
1178 586 1265 642 solum
1282 602 1336 643 uon
1353 586 1472 661 largimus
1485 591 1617 661 ebriosos,
1629 598 1770 656 sedetiam

980 676 1093 732 irnrrsatl
1106 692 1164 745 eos,
1176 680 1370 751 participantes
1380 696 1441 735 cum
1460 681 1510 737 eis.

1016 768 1139 826 Gratian.
1170 770 1310 828 Euidenter
1329 773 1418 843 itaque
1446 790 1479 829 ea
1499 776 1645 844 prontissis
1663 792 1770 851 apparet

979 860 1049 930 quod
1068 878 1159 918 eorum
1187 865 1396 921 communionem
1416 867 1497 923 uitare
1515 884 1567 922 uon
1587 870 1705 940 capimur
1725 874 1771 943 pai

980 954 1109 1009 cententio
1123 955 1209 1011 notati
1222 967 1354 1013 nunaunt.
1368 957 1420 1014 Sed
1432 960 1513 1031 ipriua
1524 961 1659 1017 cententio
1671 964 1771 1017 notatio

980 1042 1163 1115 nteitipliciter
1192 1046 1360 1117 iutellipitur.
1386 1048 1445 1123 51.
1466 1048 1616 1122 Aliquando
1634 1054 1704 1108 enirn
1726 1070 1778 1109 ar·.

981 1142 1056 1189 cetur
1086 1136 1144 1206 qaia
1169 1152 1186 1193 ο
1210 1137 1345 1194 liminibus
1367 1127 1482 1196 eretriae
1503 1150 1528 1196 et
1553 1160 1569 1196 o
1591 1144 1774 1201 commuuione

981 1230 1099 1298 corporis
1117 1239 1142 1285 et
1164 1232 1300 1303 taupainia
1323 1232 1432 1297 ctrrtao.
1455 1233 1493 1289 ael
1518 1244 1580 1289 terte
1601 1236 1770 1303 conacientia,

977 1321 1060 1390 juata
1074 1322 1141 1377 iliud
1156 1322 1274 1395 Apostoli
1287 1324 1320 1358 ¹⁸⁸
1338 1341 1346 1379 a
1368 1325 1467 1383 Probet
1483 1342 1513 1382 se
1533 1328 1625 1392 lrouro,
1641 1337 1669 1383 et
1686 1328 1725 1383 sic
1739 1328 1772 1383 de

982 1428 1052 1486 pane
1070 1415 1116 1470 ilio
1137 1415 1201 1471 edat
1220 1394 1294 1473 et'de
1307 1418 1392 1473 calice
1411 1416 1495 1487 bibat,
1511 1425 1573 1491 quia
1598 1421 1643 1492 qui
1663 1420 1772 1491 indigue

982 1512 1128 1567 matrtlucat
1141 1522 1169 1567 et
1186 1512 1264 1577 bibit,
1276 1512 1409 1583 judicium
1420 1516 1471 1571 sibi
1489 1514 1633 1571 mandrrcat
1646 1524 1674 1571 et
1690 1512 1769 1571 bibit.

982 1603 1051 1659 ltent
1071 1604 1139 1659 iliad
1153 1602 1279 1675 Prosperi
1293 1606 1349 1661 ¹⁸⁸:
1375 1604 1491 1663 Facilius
1505 1606 1557 1662 sibi
1575 1606 1659 1662 Deum
1682 1605 1773 1677 placa·

982 1697 1067 1764 bunt,
1080 1708 1148 1765 etc..
1166 1700 1269 1765 require
1287 1698 1359 1770 infru
1379 1716 1461 1755 eauaa
1477 1698 1616 1756 fflttt.
1635 1698 1774 1759 llalellcilt

950 1790 1150 1889 Bimpeditus.
1171 1802 1264 1863 tuest.
1286 1794 1312 1847 l.
1332 1792 1365 1847 de
1388 1794 1561 1862 ponitentio,·
1583 1792 1623 1848 uel
1643 1792 1777 1850 sententia

983 1882 1172 1950 ecelesiastica,
1183 1885 1251 1939 rictu
1268 1886 1429 1955 paenitenter,
1446 1885 1539 1956 qttiiae
1555 1894 1670 1955 ternpore
1686 1884 1775 1955 praefi-

982 1976 1040 2031 nita
1070 1976 1224 2046 beneficium
1253 1978 1478 2032 reconciliationis
1508 1977 1678 2047 impenditur.
1708 1976 1775 2035 Htco

981 2070 1110 2124 sententia
1121 2070 1355 2125 excommunicatio
1367 2080 1486 2136 uocatur,
1497 2072 1559 2141 quia
1568 2089 1584 2125 a
1592 2071 1777 2127 communione

981 2160 1098 2228 corporis
1108 2168 1132 2215 et
1143 2162 1281 2231 tonpuinie
1292 2160 1390 2217 Conari
1402 2171 1520 2217 notatum
1532 2164 1659 2231 prohibet,
1672 2164 1739 2218 sicut
1749 2172 1774 2218 et

982 2254 1069 2309 Adam
1084 2252 1117 2305 ob
1130 2268 1176 2308 eto
1192 2252 1258 2322 lipna'
1269 2252 1328 2308 uita
1341 2255 1584 2309 excommunicatur
1596 2263 1643 2315 eat.
1659 2253 1777 2311 Domino

982 2346 1085 2400 dicente
1096 2344 1152 2399 ¹⁸⁸:
1169 2346 1276 2410 Videte,
1295 2360 1328 2401 ne
1343 2344 1413 2401 sorte
1430 2346 1544 2403 sumatis
1557 2347 1590 2401 de
1610 2346 1683 2418 ligno
1700 2348 1773 2405 uite.

984 2434 1044 2501 Qua
1057 2434 1184 2490 cententio
1196 2452 1248 2490 non
1262 2446 1401 2507 teporatur
1410 2438 1493 2507 quiea
1504 2440 1634 2492 corraortto
1646 2438 1775 2507 fidelium.

983 2524 1032 2580 Eat
1046 2535 1072 2581 et
1096 2526 1149 2581 aiio
1173 2527 1314 2595 sententia,
1338 2544 1397 2598 qtae
1415 2528 1555 2583 anatliema
1576 2538 1694 2599 uocatur,
1722 2546 1774 2603 quo

982 2620 1092 2689 quiaque
1119 2628 1260 2687 teporatur
1287 2636 1303 2673 a
1332 2621 1463 2675 contactio
1495 2620 1624 2691 fidelium,
1656 2622 1689 2675 de
1720 2639 1774 2692 qao

982 2726 1063 2779 supra
1084 2726 1090 2763 :
1108 2710 1175 2765 Cum
1196 2710 1439 2767 excorummricatis
1464 2710 1546 2768 nolite
1561 2715 1773 2771 communicare.

983 2801 1036 2876 52.
1052 2801 1131 2857 lluuc
1142 2801 1339 2857 distinctionem
1351 2803 1412 2857 iicet
1423 2804 1515 2876 cuique
1532 2805 1666 2861 aduertere
1681 2822 1713 2861 ea
1725 2824 1775 2861 au-

983 2896 1106 2949 ctoritate
1130 2892 1244 2949 ioannis
1266 2891 1348 2965 Papae
1369 2910 1379 2951 .·
1403 2894 1593 2967 [ingeltrudam
1609 2896 1644 2929 ⁸⁸⁰
1662 2912 1775 2952 uxorem

983 2984 1109 3053 Bosonis,
1126 2993 1180 3043 etc.
1197 2983 1311 3048 lieauire
1324 3003 1404 3057 cupra
1420 2987 1448 3040 in
1468 3004 1549 3042 rouro
1563 3004 1573 3043 .·
1587 2987 1701 3055 Quidam
1719 2988 1776 3058 epi·

983 3092 1083 3151 scopus
1097 3094 1112 3134 a
1133 3080 1243 3151 propria
1264 3076 1328 3135 satie
1342 3076 1475 3145 dejectus.
1491 3079 1560 3135 laen
1572 3096 1605 3135 ea
1617 3079 1775 3133 auctoritate

137 3163 217 3231 garris
233 3177 338 3236 ageret,
360 3184 412 3223 nou
432 3170 479 3234 ila.
496 3171 543 3229 teti
558 3171 614 3227 ⁸⁸⁸:
630 3170 660 3229 Si
671 3173 734 3243 {quir
747 3190 791 3229 uos
802 3174 930 3227 uocauerit
945 3189 967 3248 C
983 3171 1102 3241 ejusdem
1129 3172 1183 3227 ¹⁸¹:
1200 3170 1228 3227 si
1250 3173 1311 3242 quis
1334 3171 1444 3227 domum
1467 3170 1514 3227 Del
1541 3169 1701 3234 uiolauerit,
1718 3178 1772 3224 etc.

136 3270 170 3307 ea
189 3256 341 3324 infidelibus
377 3260 509 3333 (paganos
534 3263 716 3334 significans),
737 3273 762 3319 et
782 3264 860 3319 uultis
880 3264 931 3324 ire,
986 3263 1099 3335 tleqaire
1122 3264 1195 3333 inira
1220 3265 1247 3321 in
1273 3280 1353 3319 caasa
1376 3261 1473 3319 titt.
1495 3262 1611 3330 Quidam
1633 3262 1775 3331 presbyter

137 3363 215 3403 outae
237 3353 307 3421 qaod
332 3356 557 3424 apponituruobia
570 3358 707 3413 comedite.
729 3356 758 3413 tt
775 3358 834 3427 qaia
849 3357 933 3427 irater
984 3356 1143 3412 iobrtuilate
1165 3364 1303 3426 grauatus.
1327 3354 1395 3411 itera
1417 3370 1449 3411 ea
1473 3355 1631 3409 auctoritate
1656 3351 1777 3409 Silueatri

710 3512 929 3569 nattnttouus
948 3510 1220 3569 counbctoubtt.

173 3645 205 3703 C.
222 3646 316 3703 ilell.
329 3658 343 3686 r
358 3649 517 3706 ll'ourinatua¹
531 3667 539 3704 :
564 3651 712 3707 Gratianus
724 3650 830 3729 putapit
843 3647 930 3717 cury-

985 3657 1082 3710 ebrba.
1096 3653 1126 3707 ld
1142 3660 1185 3707 eet
1197 3669 1205 3707 a
1219 3651 1253 3707 Et
1265 3668 1346 3723 aeque
1358 3651 1473 3706 Paulum
1489 3652 1586 3707 ueritate
1601 3668 1640 3715 ea.
1655 3650 1690 3705 od
1703 3668 1782 3709 rnen,

140 3728 293 3771 sostomum
314 3734 346 3773 eo
362 3722 442 3773 ritorto
461 3720 632 3789 interpretari
655 3722 732 3773 istam
747 3734 862 3781 uocem,
878 3734 932 3786 «pm

985 3741 1042 3778 rant
1057 3724 1160 3790 quidem
1175 3720 1326 3777 Graecorum
1336 3764 1344 3786 ,
1355 3724 1378 3777 ri
1391 3722 1558 3787 uoluerimus,
1571 3723 1609 3777 ire
1622 3740 1673 3775 uon
1686 3723 1775 3790 proiti-

141 3790 199 3841 lero
215 3789 412 3856 interpretatus
428 3800 470 3845 cst
488 3792 666 3861 liugttstinus,
685 3805 766 3860 surpra
779 3788 806 3842 2.
821 3804 849 3855 o.
864 3788 890 3841 l.
905 3803 931 3842 a.

142 3856 236 3911 natat.
253 3858 342 3912 Lttctts
355 3862 459 3927 integer
473 3876 560 3929 graece
573 3862 615 3915 sic
634 3860 715 3914 lrabel
730 3878 736 3911 :
751 3862 798 3914 net
813 3856 867 3913 etit
889 3862 933 3913 ria

138 3930 237 3985 nautea
256 3928 378 3992 δέδοικας.
395 3936 432 3990 ri:
446 3934 491 4003 pia
505 3931 623 3989 ‘minabo
641 3932 786 4003 τράπεζαν,
801 3935 824 3983 ri
834 3929 935 4000 βουλοί-

138 4001 215 4069 μεθα,
230 4002 359 4059 enataret
375 4007 565 4073 συγχωροῦντα
581 4002 705 4065 ἀπελθεῖν,
720 4004 757 4061 εἰς
779 3999 805 4054 δὲ
821 4005 868 4059 τὰς
883 4007 933 4053 τῶν

140 4070 296 4125 πλεονεκτῶν
310 4071 367 4125 οὐδὲ
381 4072 546 4143 βουλομένους
566 4072 654 4127 ἐῶντα.
667 4069 722 4127 Ἐὰν
740 4073 791 4145 γάρ
806 4091 845 4129 τις
861 4067 935 4123 ἀδελ·

140 4143 187 4210 poc
209 4142 393 4211 ὀνομαζόμενος
422 4138 454 4217 ᾖ,
479 4165 564 4215 φησιν.
588 4142 691 4214 diripio
715 4142 823 4197 intanta
855 4141 935 4211 lipara

141 4219 228 4267 πάντα
252 4216 295 4267 τὸν
315 4215 405 4267 πιστὸν
428 4212 526 4275 ἁπλῶς,
547 4214 576 4266 οὐ
593 4216 637 4269 τὸν
660 4215 810 4283 μονάζοντα.
835 4212 863 4263 Ti
885 4212 934 4283 peip

140 4284 198 4336 ἐστι
216 4284 246 4337 τὸ
264 4290 346 4335 ποιοῦν
360 4290 402 4342 τὴν
416 4283 587 4355 bicipitem
607 4282 637 4339 τὸ
650 4285 756 4358 λουτρὸν
776 4289 821 4343 τῆς
844 4280 934 4352 araitp·

139 4356 272 4439 praeciae,
287 4354 317 4407 ro
330 4352 462 4413 δυνηὺἡναι
483 4355 591 4411 auinaue
612 4358 712 4429 πατέρα
726 4356 769 4409 τὸν
782 4352 844 4405 θεὸν.
853 4348 934 4405 'narr

141 4444 155 4477 a
175 4424 221 4490 μέν
237 4420 440 4506 νοτῃχοῦμενος,
456 4420 501 4509 ξᾶυ
517 4426 631 4506 pasqua
645 4423 672 4501 ᾖ,
687 4428 732 4480 οὐκ
752 4422 866 4495 ἀδελφὸς,
880 4422 893 4476 ὃ
907 4420 935 4476 δὲ

985 3794 1102 3861 beatem·
1115 3795 1150 3847 ati
1170 3808 1286 3848 mention
1304 3804 1392 3847 autent
1403 3808 1543 3847 abacorum
1558 3802 1582 3847 at
1596 3792 1683 3845 aliena
1698 3792 1749 3861 aa!
1760 3822 1775 3838 ·

986 3866 1098 3917 rentium
1120 3880 1151 3916 ne
1174 3862 1285 3917 ualenter
1306 3864 1410 3933 quidem
1436 3864 1634 3931 permittentem.
1657 3860 1724 3917 Natu
1753 3865 1775 3917 si

987 3934 1060 4001 uuis.
1074 3935 1170 4003 inqiut,
1182 3933 1227 4001 utri
1239 3933 1324 3989 irater
1336 3934 1491 3988 uomirmtur
1507 3934 1578 3988 inter
1592 3948 1648 3997 ros,
1666 3934 1775 4003 fratrem

987 4004 1036 4058 ltoc
1051 4004 1108 4057 loco
1122 4003 1212 4057 diceus
1235 4020 1336 4057 ootrrent
1356 4003 1458 4071 fideicut
1472 4003 1636 4070 sirnpiicitrr,
1656 4020 1707 4057 raon
1720 4020 1776 4057 tna·

988 4072 1100 4127 unciaru
1117 4082 1231 4127 tontum.
1251 4072 1322 4138 Quid
1336 4084 1423 4127 orarent
1437 4083 1473 4128 ert
1484 4076 1552 4143 qrrod
1572 4072 1635 4141 lacit
1646 4073 1775 4141 [tatarari-

988 4145 1088 4198 tatem?
1109 4143 1241 4198 lttttocrunt
1264 4145 1478 4213 reperieratt'ouia.
1501 4144 1528 4196 a'ti
1548 4143 1618 4212 quod
1637 4160 1775 4211 poterantne

988 4213 1074 4268 Deunt
1092 4230 1184 4268 vocure
1197 4225 1308 4281 patrem.
1324 4212 1441 4267 Proinde
1455 4214 1499 4283 qai
1514 4214 1712 4267 catechumenae
1725 4222 1774 4275 eat,

986 4284 1090 4339 etiamsi
1104 4288 1248 4339 marracinus
1263 4286 1307 4349 ait,
1324 4300 1376 4339 uon
1391 4292 1429 4338 eat
1442 4283 1525 4352 frater
1537 4297 1547 4338 .·
1559 4282 1604 4350 qui
1619 4298 1677 4337 uero
1688 4282 1775 4349 fidelia

986 4363 1036 4416 ert.
1051 4353 1155 4408 etiamsi
1175 4354 1311 4409 secularia
1323 4352 1374 4417 rit,
1392 4354 1476 4423 sratm
1489 4363 1536 4407 eat.
1553 4352 1580 4405 Si
1594 4352 1665 4421 ortis,
1679 4354 1774 4420 iuquit,

988 4424 1034 4495 qrri
1057 4423 1141 4480 irater
1162 4425 1337 4491 nourrinatur.l
1354 4421 1445 4494 Neque
1464 4424 1533 4477 enim
1555 4422 1691 4491 ocatipium
1713 4434 1775 4475 tunc

141 4495 246 4555 neeric,
262 4498 439 4564 νονκοσμικὲς
456 4519 482 4561 e,
503 4493 605 4567 diripit
625 4498 712 4561 iarn,
728 4494 753 4549 ri
770 4516 825 4559 τις,
840 4492 933 4563 pnaia,
951 4538 973 4590 D
988 4494 1109 4551 »nanneto
1131 4508 1203 4558 erat,
1224 4498 1268 4563 aed
1293 4495 1381 4549 omnia
1406 4495 1439 4546 ad
1464 4494 1603 4549 taetriores
1622 4492 1776 4572 loquebatur

140 4562 259 4635 ἀδελφὸς,
273 4557 465 4634 ὀνομαζόμενεςζ
481 4564 543 4620 οὐδὲ
563 4568 613 4639 γὰρ
627 4566 700 4637 ἴχνος
713 4566 770 4621 τότε
805 4568 935 4627 enituntur
988 4578 1051 4620 tuuc
1062 4562 1095 4618 ll.
1114 4560 1236 4621 Paulus:
1254 4564 1283 4619 st
1298 4566 1368 4635 ortis,
1382 4563 1480 4633 iuquit,
1493 4564 1537 4630 rprri
1555 4562 1640 4617 lcater
1651 4576 1776 4617 nomina-

139 4630 181 4699 ἦν,
200 4635 263 4689 diii
278 4636 362 4689 niara
378 4636 443 4709 apic
467 4639 602 4703 κοσμινούς
625 4635 748 4707 διε)ε’γιτο
776 4660 789 4691 ο
804 4636 935 4721 μακάριος
989 4648 1042 4702 tur,
1057 4634 1138 4689 interit
1153 4634 1309 4701 loruimtor,
1324 4644 1370 4688 aut
1381 4648 1490 4700 avarae,
1505 4642 1552 4687 arn
1564 4633 1696 4694 eltriosus.
1713 4648 1774 4687 eum

139 4700 229 4769 οὗτος,
245 4708 288 4759 ἐὰν
303 4727 354 4767 τις.
378 4728 462 4778 φησιν,
486 4706 590 4778 ἀδελφὸς
607 4709 787 4779 ἱνομοζομινος
802 4732 816 4782 ῃ
829 4706 866 4763 ni
883 4725 934 4769 rae,
986 4704 1141 4775 lurjusutotii
1155 4721 1205 4761 nec
1219 4708 1309 4762 cibum
1321 4720 1437 4759 sirrrrere.
1451 4702 1537 4770 Ouum
1553 4714 1640 4785 autent
1653 4702 1685 4754 de
1697 4698 1774 4784 (ira-

139 4774 329 4840 riniruae'zrnc.
344 4774 359 4835 i
378 4778 498 4841 μέθυσος.
521 4786 557 4846 τῷ
574 4782 680 4849 τοιούτῳ
698 4776 760 4851 μηδὲ
777 4726 932 4840 aspredine,
985 4780 1023 4831 cir
1037 4783 1135 4847 opacet,
1150 4794 1201 4831 non
1213 4778 1335 4842 ita,seti.·
1351 4774 1378 4829 Si
1390 4776 1450 4845 qrris
1461 4783 1538 4829 uocat
1555 4790 1603 4829 uos
1614 4772 1773 4855 irridebam.

141 4845 195 4899 tlt·
216 4848 263 4900 οὐκ
286 4850 326 4899 ἐπὶ
351 4854 402 4902 τῶν
420 4846 538 4907 Ἑλλήνων
560 4848 652 4913 οὕτως,
669 4850 723 4903 ἀλλ’
738 4848 781 4901 iaia
801 4867 841 4907 τις
865 4849 934 4911 ὑμᾶς
986 4846 1092 4903 ornem
1113 4847 1263 4918 ripuificanr
1275 4889 1283 4910 ,
1297 4858 1324 4901 et
1340 4846 1421 4900 uultis
1442 4846 1492 4910 ire,
1506 4860 1595 4909 oraturo,
1612 4844 1682 4914 quoti
1699 4842 1775 4897 robus

139 4917 235 4975 naiian
248 4924 299 4972 τῶν
313 4920 429 4972 ἀπίστων
454 4921 523 4987 (τοὺς
536 4916 655 4981 Ἕλληνος
678 4921 766 4992 iipoat
789 4922 831 4972 mi
850 4916 933 4970 tritri
986 4918 1145 4989 apponitur,
1167 4917 1337 4973 roanrlucate.
1363 4916 1391 4970 Si
1413 4918 1490 4985 quis,
1505 4915 1607 4984 iniquit,
1626 4914 1672 4997 ⁸¹.¹'.⁸
1691 4912 1776 4993 irater

139 4976 315 5056 trapa-ierint,
330 4995 382 5043 nais
396 4992 425 5043 τὸ
440 4991 639 5065 παρατιθέμενον
653 4992 715 5060 ὑμῖν
726 4989 829 5048 taliter.
843 4988 933 5046 idaeae
986 4990 1160 5053 nominator,
1183 4989 1217 5041 sit
1243 4987 1374 5043 ebriosus.
1405 4985 1485 5049 Paper
1505 4996 1603 5055 quanto
1619 4982 1775 5063 turpentia?

139 5056 246 5130 ἀδελφὸς
267 5060 450 5127 ὁνομοιζόμονος
464 5059 494 5122 ἡ,
508 5082 581 5129 φησι,
603 5062 723 5131 μέθυσος.
738 5058 821 5113 been
834 5058 904 5115 arian
918 5059 933 5114 ri
986 5058 1045 5113 Noa
1057 5070 1144 5115 reatem
1158 5074 1211 5112 uon
1220 5059 1305 5112 colunt
1316 5074 1367 5109 non
1379 5057 1493 5126 {opimus
1504 5056 1629 5120 ebriosos,
1640 5056 1685 5109 aed
1694 5062 1775 5107 ettam

140 5130 280 5201 ἁνριέοοας
295 5135 368 5198 ἡμεῖς
379 5129 406 5185 δὲ
420 5133 449 5184 οὐ
461 5122 536 5197 pians
547 5138 576 5184 ab
585 5136 706 5204 φεύγομεν
718 5133 778 5190 τοὺς
790 5131 931 5201 μεθύσους.
985 5130 1090 5185 abiman
1104 5133 1139 5183 ud
1150 5146 1204 5195 eoa,
1218 5144 1270 5181 una
1285 5127 1415 5195 ruorpturi
1429 5143 1487 5197 que
1498 5128 1530 5180 ab
1547 5126 1621 5195 ipsit.

139 5200 204 5258 atra
215 5205 258 5255 ani
270 5201 441 5275 ἁπερχόμεθα
452 5203 516 5260 πυὸς
535 5203 788 5275 circumpositionem
799 5207 850 5255 τῶν
861 5199 934 5271 nepti

181 5420 503 5493 onear.ttt.tl.ttttttt.
538 5423 572 5457 ¹⁸⁸
587 5425 690 5479 Comm.
707 5423 734 5476 in
748 5424 840 5477 Amos.
854 5436 880 5475 c.
892 5421 958 5481 5,v.
977 5417 1021 5471 ii.
1061 5405 1412 5481 ¹¹⁸pramtrtn:sso.ttas.
1461 5398 1775 5501 ¹⁸⁸desitl.iniitt.lla3

141 5494 179 5529 ¹⁸⁸
196 5494 374 5549 Mattiaci.
423 5494 593 5550 ¹⁸'iliercuu
619 5492 815 5557 etbutt.
862 5481 1096 5543 ¹⁸⁸eruuttlidtl.
1118 5478 1225 5535 colio.
1268 5468 1698 5532 *absalmtnzmtxtu
1740 5470 1749 5501 ¹

139 5562 484 5620 antecantamenta.
528 5565 591 5618 ⁸⁸⁸l
613 5561 850 5630 Cor.c.5,u.tl.
894 5550 1135 5613 attestatum.
1155 5548 1218 5603 Bas.
1261 5542 1607 5601 ¹⁸⁸uocatalitld.coll.o.
1650 5540 1774 5593 ¹⁸⁸atltl.=

141 5634 348 5697 omraiputentetu
366 5636 515 5691 :uotum
561 5630 989 5689 Marto:aetertezbodttas.
1001 5618 1180 5692 Panlatgdd.
1219 5616 1277 5671 ⁸⁸⁸l
1295 5614 1456 5678 Coreto,
1475 5629 1503 5668 v.
1529 5612 1575 5668 27.
1612 5611 1645 5643 ¹⁸⁸
1668 5610 1682 5663 l
1708 5605 1773 5663 Cot·

141 5704 334 5767 (bibl-28.
373 5705 557 5762 Metto.
584 5705 751 5775 l,tlcpoeo.
790 5704 824 5736 ¹⁸⁸
844 5703 911 5760 Geu.
926 5716 952 5757 c.
972 5699 1038 5765 bu.
1055 5692 1101 5751 tt.
1141 5688 1268 5755 ΜΗ,
1298 5704 1325 5759 q.
1357 5689 1383 5755 l,
1408 5702 1432 5745 c.
1460 5685 1506 5742 lin.
1547 5679 1772 5749 ¹⁸¹C.l'l,q.l.

140 5792 168 5829 c.
187 5774 233 5830 tr.
