3975 6334
111 389 164 448 585
524 391 670 452 DECRETI
686 388 776 452 laus
791 393 960 453 StiCUNDA.
970 391 1084 450 CAUSA
1102 391 1133 447 ΙΙ.
1148 390 1286 459 QUAEST.
1301 391 1323 451 Ι.
1696 399 1750 456 580

113 506 257 580 diligenter
272 507 451 578 quaerendum
467 509 543 565 10εει
555 508 652 582 primo,
676 509 698 566 si
712 508 842 581 judicium
862 523 908 564 or·
924 517 946 576 Α
962 507 1052 580 aliqua
1072 508 1106 565 de
1130 505 1246 577 objectis
1263 515 1359 562 contra
1378 517 1557 564 memoratum
1578 509 1748 582 Stepbauum

116 599 271 660 dinabililer
282 611 327 658 εει
344 601 479 668 liubitrmr,
494 601 520 656 iil
533 612 575 658 est
588 601 622 667 ⁸¹,
638 601 662 658 si
675 601 721 656 alii
734 609 907 656 accusatores
957 597 1115 668 episcopum
1131 597 1245 668 probata
1258 607 1333 664 sunt,
1349 594 1441 666 aliqua
1454 612 1519 653 vero
1533 600 1625 658 doceri
1638 605 1749 661 minium

115 703 196 764 atquc
209 689 255 748 alil
267 701 354 750 testes
364 692 474 749 inerunt
490 691 523 744 ³¹.
536 691 636 747 Deinde
657 705 801 747 causarum
822 687 908 760 quali·
942 701 1114 770 potuerunt,
1130 701 1209 748 canta
1220 690 1331 747 omnino
1344 690 1564 750 consideratione
1582 699 1748 765 peomrrdnm

114 797 158 842 tas
171 793 213 840 est
224 784 448 850 examinanda‚si
462 783 543 854 digna
558 781 657 837 exsilio
669 781 711 838 rel
723 779 905 852 depositionel
957 793 1011 850 est,
1025 793 1117 840 utrum
1129 782 1231 840 leniora
1256 783 1384 855 capitula,
1399 801 1434 842 au
1457 799 1531 843 certe
1548 787 1675 860 grauiora
1686 805 1749 862 pro-

112 879 165 934 luit
181 871 218 944 *;
231 877 255 932 si
271 873 296 910 Ἰ
313 885 347 934 co
358 880 502 944 praesente,
518 875 565 946 qui
589 873 613 908 ⁸⁵
632 883 774 930 accusatus
787 881 839 938 εει,
856 873 907 929 sub
956 875 1169 942 batasint‚utex
1182 877 1223 932 eis
1230 877 1348 946 qualiter
1355 877 1539 934 definitionem
1550 877 1750 938 tuum‘lornrare

109 967 290 1040 iureiurando
302 977 396 1024 contra
411 978 473 1025 euni
487 967 671 1024 testiinonium
685 965 788 1021 dictum
810 973 868 1029 est;
883 966 905 1021 si
957 969 1059 1025 debeas
1069 968 1158 1040 possis
1176 971 1257 1050 scire.
1276 970 1331 1043 §52
1347 971 1490 1030 Gloriosus
1502 987 1569 1030 vero
1582 974 1747 1037 comitiolus,

111 1061 226 1133 scriptis
242 1071 335 1116 actum
361 1059 503 1128 est‚'uel'
523 1060 546 1116 si
561 1061 618 1130 ipse
639 1057 775 1114 licentiam
795 1071 906 1130 respon·
957 1059 979 1116 si
1003 1059 1205 1131 suprascriptus
1219 1062 1364 1134 episcopus
1378 1065 1511 1122 innocens
1524 1079 1586 1124 esse
1607 1065 1747 1132 claruerit,

110 1155 197 1212 dendi
210 1163 238 1210 ct
249 1153 412 1210 delendeudi
424 1166 453 1210 se
464 1153 558 1210 babuit
572 1153 605 1209 ⁸⁸.
624 1152 679 1209 Sed
690 1161 720 1226 ει
734 1153 767 1206 ιΙε
782 1149 906 1222 personis
957 1150 1089 1223 quidquid
1109 1153 1143 1208 de
1157 1154 1237 1209 relius
1253 1153 1311 1224 ejus
1331 1156 1376 1213 rel
1401 1158 1524 1215 ecclesiae
1543 1157 1628 1230 ipsius
1649 1158 1711 1214 tulit
1722 1158 1748 1213 ei

111 1249 301 1307 accusantium
312 1266 345 1304 ac
358 1247 562 1304 testificantium
581 1245 719 1304 subtiliter
730 1246 905 1315 quincendunr
955 1247 1017 1302 sinc
1028 1246 1119 1319 aliqua
1135 1249 1261 1306 restituat
1272 1250 1413 1309 dilatione.
1426 1258 1436 1277 '
1448 1253 1502 1312 Sed
1515 1263 1666 1326 etqueque
1679 1253 1703 1288 ⁸⁸
1717 1269 1749 1310 sc

111 1354 156 1398 est
173 1341 209 1407 ⁸¹,
225 1339 304 1408 curlus
318 1338 491 1407 conditionis,
515 1337 628 1409 cujusve
649 1335 794 1408 opiniunis,
811 1345 858 1392 aut
871 1351 906 1392 ne
956 1339 984 1395 in
998 1341 1216 1411 persecutionem
1233 1357 1266 1397 ac
1277 1343 1433 1400 violentiam
1448 1345 1508 1416 ejrrs
1520 1346 1691 1417 expendisse.
1706 1347 1747 1404 vel

111 1435 208 1507 inopes
230 1433 254 1467 ³⁸
274 1434 343 1502 sint,
355 1435 434 1489 'aut'
457 1446 490 1488 nc
511 1431 583 1488 torte
597 1430 706 1504 ‚aliquas
725 1439 821 1484 contra
836 1441 904 1500 prse-
957 1429 1087 1488 daumnnr
1102 1432 1173 1487 idern
1188 1432 1334 1505 episcopus
1348 1435 1494 1506 pertulisse
1510 1437 1656 1508 juraverit.
1676 1438 1746 1494 idem

112 1528 215 1584 dictum
241 1525 400 1598 episcopum
422 1522 445 1556 ¹·
468 1512 627 1579 inimicitias
651 1523 820 1585 imbuissent,
846 1522 904 1577 ‘et'
948 1531 1124 1602 Ιιιιειιιιιιιιιιε
1137 1523 1279 1580 Gloriosus
1304 1525 1459 1582 comitiolus
1473 1527 1568 1584 reddat
1590 1545 1624 1586 ac
1636 1528 1746 1588 catisla-

110 1623 403 1682 utrumtestimoninm
416 1621 483 1677 “er
496 1619 775 1684 anditudiremrn⁸¹‚
789 1627 905 1674 nrrtcer·
949 1615 1036 1688 'ciat‘
1048 1613 1078 1671 Si
1102 1614 1125 1647 ⁸⁹
1154 1625 1245 1676 susem
1260 1617 1416 1688 episcopum
1440 1621 1641 1678 'antedictum'
1665 1625 1746 1678 talctn

111 1727 140 1773 te
150 1731 179 1774 se
190 1715 264 1777 scire
280 1713 437 1785 specialiter
458 1711 549 1767 testati
565 1719 628 1766 sunt
639 1725 655 1777 ς.
671 1711 695 1766 si
715 1709 823 1780 scriptis
834 1699 905 1780 ludi·
955 1701 1061 1776 culpam
1084 1708 1270 1766 ‘commisisse
1285 1711 1455 1783 corratiterit'
1467 1713 1551 1784 (qnod
1561 1715 1634 1772 absit
1642 1716 1663 1785 l)
1680 1729 1747 1782 etc..

108 1817 203 1866 natust
217 1816 275 1871 εει,
290 1814 319 1863 ει
334 1804 459 1876 partibus
477 1803 659 1874 presentibus
680 1799 816 1858 sententia
835 1800 904 1857 mci·
948 1807 983 1870 ,ιιι
994 1797 1066 1868 intro
1079 1797 1124 1872 [tt.
1138 1797 1207 1865 ΙΙΙ,
1223 1815 1251 1872 q.
1264 1799 1292 1868 b,
1307 1816 1333 1856 c.
1349 1799 1378 1875 3]
1402 1803 1430 1860 in
1448 1813 1529 1860 conso
1547 1807 1746 1864 nomclmnm

108 1910 168 1956 tata
185 1908 228 1954 cst
242 1897 277 1952 ⁸¹.
288 1895 367 1964 Quod
387 1895 410 1951 si
434 1894 506 1950 iorte
528 1893 587 1949 baec
603 1891 752 1948 solenniter
766 1899 825 1946 actu
846 1899 903 1946 uon
918 1879 994 1968 ΒΙΙε
1011 1906 1126 1962 persona
1139 1894 1383 1966 presbytcrbetc„
1394 1907 1423 1952 ut
1437 1897 1509 1968 inira
1518 1897 1563 1972 [C.
1579 1899 1625 1968 itt,
1637 1916 1665 1970 q.
1681 1903 1708 1966 Ι,
1718 1912 1745 1960 ε.

107 1998 183 2056 ειιιιι,
198 2003 251 2046 nec
265 2003 351 2046 causa
372 1987 486 2058 probata
505 1993 557 2050 est,
571 1999 632 2055 qua
645 1983 742 2040 exsilio
761 1979 803 2038 rel
823 1984 905 2054 depo·-
955 1983 1002 2056 58]
1015 1984 1159 2040 incasso:
1180 1984 1302 2042 Clericus
1315 1988 1445 2045 adsersus
1468 1989 1608 2047 clericum.
1624 1990 1658 2048 Er
1673 1995 1748 2064 infra

108 2081 208 2136 sitium
221 2080 307 2152 digna
320 2077 368 2146 sit.
380 2079 408 2134 in
418 2076 565 2134 ecclesiam
583 2089 660 2130 suam
673 2073 765 2131 niudis
779 2067 905 2132 amnibus
955 2073 984 2138 in
994 2074 1086 2128 cadem
1096 2074 1207 2144 epistola
1223 2075 1269 2142 st,
1282 2077 1413 2132 undecimi
1427 2079 1498 2133 libri.
1511 2079 1525 2154 fl
1539 2078 1565 2137 6.
1579 2081 1619 2139 ΙΙε
1630 2100 1745 2156 persona
1770 2093 1775 2104 '

109 2182 263 2230 remeetur.
277 2169 398 2236 ilicem,
419 2169 467 2240 qui
482 2174 655 2224 cumcontra
672 2165 721 2224 bei
742 2166 905 2223 timornmet
955 2163 1078 2221 ianuarii
1098 2167 1216 2240 episcopi
1234 2168 1374 2226 sciendum
1398 2178 1442 2226 est
1458 2173 1578 2243 grauiter
1596 2177 1749 2234 omninoet

106 2277 246 2322 manuum
265 2269 369 2319 statuta
383 2246 647 2324 condetuuarersot.
671 2254 905 2314 excommunicati
951 2246 1051 2330 [contra
1075 2259 1151 2333 leges
1175 2275 1239 2319 esse
1258 2271 1358 2332 scmus,
1383 2271 1414 2321 ut
1430 2263 1562 2322 riolerster
1575 2266 1609 2324 de
1631 2267 1746 2326 ecclesia

108 2353 351 2412 inurunasterinnr
370 2351 394 2386 ⁸⁸
407 2351 443 2408 ad
459 2350 594 2424 agendam
615 2347 805 2422 prenitsutieru
818 2361 868 2406 ser
881 2343 905 2388 *Ι
955 2352 1126 2420 traheretur;
1142 2353 1218 2419 dum,
1241 2355 1435 2427 si·quarrdilret
1450 2358 1570 2414 ‘sliam‘
1591 2360 1747 2432 iniuriama

109 2447 251 2506 mensibus
264 2443 391 2502 mittendi
415 2453 491 2511 sunt,
511 2443 553 2500 ita
576 2456 653 2509 sans,
679 2449 721 2510 ut,
741 2440 765 2498 si
778 2441 905 2513 cuiquam
955 2455 1119 2526 quoeunque
1133 2443 1278 2518 episcopus
1302 2445 1326 2478 ⁸⁰
1346 2461 1444 2518 passus
1465 2448 1549 2506 luerit
1568 2450 1598 2506 in
1618 2453 1745 2518 εεειεείι,

108 2555 206 2598 eorum
229 2541 331 2598 mortis
353 2537 500 2609 contigerit
524 2536 672 2594 imminere
692 2533 844 2608 periculum
869 2531 903 2598 “r
953 2533 1131 2604 injuriantem
1158 2533 1327 2610 lcxcapitali
1351 2555 1433 2612 prena
1456 2542 1603 2614 percutiat,
1626 2555 1656 2602 ει
1675 2547 1748 2604 sicus

109 2632 203 2687 viatici
226 2629 381 2688 benedictio
400 2643 454 2686 nna
476 2637 602 2700 negetur.
617 2627 678 2700 lpse
692 2636 795 2692 summ,
812 2626 858 2698 oui
871 2637 904 2682 es
954 2625 1107 2698 malesuasis
1124 2643 1202 2686 reum
1215 2627 1341 2688 omnibus
1358 2637 1405 2690 det
1415 2636 1560 2694 accamoni
1573 2636 1647 2694 illum
1661 2639 1747 2697 licen·

108 2725 219 2782 virente
237 2723 328 2780 locum
351 2721 413 2794 aius
425 2718 570 2778 temerarie
591 2719 713 2785 ambitis,
725 2717 847 2790 priuatus
860 2731 905 2774 sa·
954 2721 1033 2788 tiam,
1049 2733 1080 2776 ut
1089 2719 1171 2795 huius
1184 2722 1252 2795 legis
1262 2726 1348 2786 series
1361 2727 1594 2798 loquimrcodicis
1606 2731 1655 2790 lib.
1665 2733 1688 2798 l.
1702 2735 1745 2790 tit.

111 2816 240 2875 cardolio
254 2815 290 2871 ab
301 2813 376 2872 urnni
385 2809 539 2870 ministeriu
552 2808 739 2866 ecclesiastico
746 2807 903 2879 repellatur.
955 2809 1000 2879 ΙΙΙ,
1011 2814 1154 2869 constitut.
1168 2812 1247 2878 tu,⁸¹
1263 2831 1272 2869 ι
1289 2813 1305 2890 l
1319 2817 1347 2870 l.
1357 2815 1389 2872 Si
1401 2818 1460 2889 quis
1473 2821 1502 2876 in
1513 2821 1563 2876 ltoc
1571 2839 1653 2892 penus
1663 2827 1746 2882 socri·

108 2908 296 2981 mqoeeideru
321 2905 499 2972 dilectissimo
513 2903 594 2960 iratri
617 2911 645 2959 et
672 2900 835 2973 coepiscopo
856 2915 905 2958 no·
954 2901 1016 2976 inpii
1025 2907 1171 2978 pramperit
1184 2907 1219 2974 ¹¹,
1235 2917 1264 2962 at
1277 2909 1306 2963 in
1315 2907 1438 2980 molesios
1455 2912 1598 2969 carnotina.
1609 2915 1633 2948 n
1641 2918 1746 2972 prm

108 3012 170 3060 stro
185 2999 317 3068 tradatur,
335 3009 366 3055 ut
381 3013 444 3056 enin
458 3005 507 3052 aut
527 2997 585 3066 ipse
596 2992 632 3048 sd
653 3006 704 3050 uns
726 2992 903 3056 transmittat.
955 2996 1134 3068 sacerdotibus
1147 3007 1172 3054 et
1191 2999 1319 3054 ministris
1343 2999 1396 3072 ἢ,
1419 3001 1459 3058 uel
1478 3003 1528 3072 ipsi
1542 3003 1624 3062 esunt
1638 3006 1747 3079 locoque

110 3106 160 3150 aut
172 3093 244 3166 apud
265 3107 296 3150 se
308 3092 336 3148 in
349 3091 475 3150 custodia
494 3089 605 3147 babeat
627 3083 753 3158 tiplsmnt
771 3099 846 3154 aare,
858 3085 905 3157 qui
955 3087 1056 3161 aliquid
1068 3088 1320 3162 importatinjuricc,
1336 3101 1389 3150 etc.
1405 3091 1439 3150 Et
1452 3094 1524 3166 infra
1538 3097 1567 3152 in
1578 3098 1670 3154 eodem
1688 3100 1745 3170 spi·

108 3201 175 3242 eum
197 3185 328 3242 ordinare
345 3191 570 3255 praesumsemnt,
593 3184 638 3242 rel
660 3193 797 3254 peremere
818 3177 904 3250 lpsius
955 3181 1035 3258 stola.
1052 3181 1109 3256 58.
1134 3184 1172 3241 be
1187 3199 1303 3256 persona
1325 3185 1455 3258 Stephani
1476 3187 1595 3263 episcopi
1610 3193 1681 3248 ‘ad'
1693 3193 1746 3252 nm

108 3279 276 3338 ordinationi
288 3281 428 3352 prebuere
437 3291 601 3336 mosomum
611 3274 904 3344 ⁸⁸,‘iidern‘oommu-
956 3274 1151 3332 ostendendum
1162 3287 1217 3345 εει,
1230 3279 1467 3350 qnianeciuritus
1477 3281 1651 3354 acinaticium
1662 3285 1746 3356 trabi,

110 3373 195 3430 niune
205 3371 304 3442 privati
316 3385 363 3426 ser
377 3368 518 3426 mensibus
528 3367 562 3424 nd
574 3367 706 3440 aponum
716 3365 904 3437 ponitentiam
957 3378 1009 3421 nec
1028 3367 1063 3423 ab
1077 3366 1213 3440 episcopis
1226 3367 1311 3425 alieni
1332 3369 1442 3427 concilii
1457 3371 1551 3428 debuit
1566 3371 1693 3442 iudicari.
1709 3373 1748 3434 Es

112 3466 149 3522 in
168 3463 337 3520 ntonasterio
362 3462 534 3533 deputentur.
553 3457 599 3516 ‘Si
627 3468 719 3518 autera
741 3457 861 3530 episcopi
876 3455 904 3510 in
956 3457 1239 3531 insinuabimus
1257 3461 1317 3518 irasc
1330 3460 1356 3518 si
1379 3461 1483 3518 dictum
1506 3461 1588 3520 luerit
1612 3465 1676 3535 qnia
1695 3481 1746 3524 nce

110 3556 299 3630 praeiudicium
315 3557 329 3598 Ι
343 3553 580 3611 condemnationis
596 3551 640 3610 tel
656 3550 834 3623 depositionis
849 3563 904 3605 tne-
959 3551 1195 3622 metropolitanum
1205 3552 1312 3620 babuit.
1324 3568 1374 3610 nec
1390 3555 1746 3626 patriarcham,{dicondosa

111 3651 213 3709 morati
229 3648 361 3721 Stephani
376 3661 406 3704 se
419 3655 492 3703 metu
502 3645 603 3719 judicis
621 3625 802 3709 conmnstss'e,
819 3657 852 3698 sc
864 3651 906 3697 ta·
957 3649 1001 3698 est
1024 3641 1088 3712 quia
1103 3657 1120 3698 a
1144 3642 1209 3700 sede
1228 3643 1378 3715 apendice
1396 3645 1470 3717 (qnae
1484 3648 1604 3704 omnium
1618 3648 1748 3706 εεεΙεεΙε.

110 3744 150 3800 lia
164 3743 261 3799 iecisse
275 3757 329 3798 non
343 3739 366 3774 ΙΙ
378 3755 427 3796 sua
435 3749 532 3812 sponte
540 3737 658 3810 prolessi
673 3737 784 3800 luerint,
798 3745 904 3804 ternpus
957 3749 1018 3790 mur
1039 3743 1121 3805 ospes
1141 3735 1197 3808 εει)
1220 3736 1279 3794 bac
1297 3751 1382 3796 causa
1402 3740 1536 3798 audienda
1550 3756 1583 3800 ae
1595 3744 1747 3802 urimenus

112 3837 155 3892 eis
167 3835 382 3892 abbreviandum
398 3842 440 3892 est
452 3843 481 3890 et
506 3831 604 3888 modus
623 3827 790 3901 poeniteutiae
804 3837 906 3896 tempe·
956 3825 1056 3894 iuerat,
1069 3828 1179 3884 sicutet
1191 3829 1337 3900 pradictus
1356 3833 1501 3906 episcopus
1521 3835 1634 3905 petiisse
1652 3837 1747 3906 digm-

112 3931 228 3986 randus.
244 3929 273 3984 Si
290 3929 372 4000 igitur
392 3928 427 3994 is,
454 3926 500 3998 qui
523 3922 645 3996 prandioli
669 3919 799 3990 Steplnui
816 3919 904 3974 luctum
957 3920 1053 3987 scitur,
1069 3921 1116 3991 qui
1127 3921 1152 3956 ⁸⁸
1163 3923 1307 3994 episcopos
1317 3924 1399 3981 ulierti
1411 3925 1520 3984 concilii
1531 3927 1639 3996 judices
1651 3929 1749 3988 baboit

112 4023 228 4092 iurasit,
241 4023 358 4079 luctasse
371 4021 515 4080 deiunctus
528 4028 579 4088 εει,
596 4027 678 4090 atque
696 4016 766 4072 slius
781 4014 809 4072 in
820 4012 907 4069 eccle-
957 4013 1069 4067 clurino
1083 4026 1236 4085 suspectos.
1253 4015 1342 4086 'Quia
1355 4019 1439 4089 ergo*
1454 4019 1588 4074 εειιιειιιίε
1602 4034 1655 4076 non
1669 4036 1748 4078 aeuo

113 4116 156 4173 sia
171 4115 230 4187 ejus
245 4114 390 4186 episcopus
406 4110 547 4168 ordinatus
558 4119 611 4179 est,
622 4108 687 4166 illud
697 4107 731 4164 de
744 4114 907 4163 eostatuctt-
955 4103 1046 4174 ludios
1057 4103 1130 4160 dicta
1146 4105 1213 4162 nilril
1225 4105 1361 4164 firmitatis
1381 4107 1512 4178 obtineat,
1528 4111 1669 4170 ‘lectionis
1697 4115 1746 4170 bn·

113 4208 180 4265 dnm
203 4216 246 4264 εει
265 4206 337 4277 quod
360 4204 486 4276 superius
506 4203 541 4260 de
557 4215 641 4260 causa
663 4199 756 4256 fratris
768 4205 796 4256 ct
812 4196 907 4268 coepi·
956 4193 1001 4264 lus
1011 4205 1090 4252 tenor
1107 4197 1229 4254 ostendit
1243 4197 1315 4256 libro
1327 4198 1430 4256 codicis
1445 4199 1501 4266 vti,
1515 4205 1589 4258 etc.'
1603 4203 1639 4258 El
1651 4204 1745 4276 infra:

113 4297 189 4372 scopi
204 4297 290 4354 nostri
316 4293 438 4352 lanuarii
466 4293 609 4349 diximus·
625 4291 639 4363 l
654 4290 682 4346 l.
696 4288 774 4356 Quod
797 4287 820 4345 si
837 4288 907 4344 lorte
958 4285 974 4359 5
991 4287 1036 4343 lb.
1045 4287 1125 4356 Quod
1136 4298 1228 4346 autent
1244 4291 1345 4356 elicitur
1364 4306 1381 4346 a
1403 4291 1491 4349 serris
1508 4295 1566 4361 suis
1590 4306 1745 4364 accusatus,

680 4417 900 4480 Notsutunus
917 4417 1191 4480 counuurnuutt.

151 4549 182 4608 C.
194 4549 240 4605 ΙΙΙ
254 4547 265 4588 ¹
281 4544 382 4602 Easibo
397 4563 406 4602 :
421 4545 449 4602 ln
466 4539 772 4614 culpatissequebatur‘
787 4557 795 4596 ι
811 4539 907 4595 uelde·
920 4518 946 4580 Ῑ)
959 4550 1045 4608 usque
1067 4536 1101 4591 ad
1118 4551 1191 4592 rers.
1218 4534 1248 4592 Si
1266 4547 1352 4591 antem
1379 4538 1539 4608 episcopum,
1564 4550 1594 4594 nt
1615 4541 1746 4598 orationis

114 4625 273 4696 pransione,
298 4633 453 4688 qiam-noces
476 4616 587 4672 sublata
609 4622 681 4676 sunt,
700 4612 765 4684 quia
778 4624 866 4681 neque
878 4611 904 4664 in
957 4614 1055 4664 cureris
1065 4607 1100 4662 sit
1111 4606 1271 4677 expeditior.
1282 4607 1349 4662 Nam
1361 4605 1508 4663 Gratianus
1520 4612 1655 4666 referebat
1669 4625 1699 4666 se
1711 4615 1747 4667 all

118 4693 232 4748 retussis
244 4688 381 4751 Gratiani,
403 4701 490 4758 neque
503 4685 574 4756 apud
593 4685 624 4741 B.
643 4683 807 4756 Gregorium
828 4684 850 4704 ''
865 4679 905 4737 le·
958 4679 1109 4749 superiora,
1122 4678 1396 4748 inquibuslrabcntur
1410 4678 1520 4746 similia,
1531 4681 1582 4736 boc
1593 4683 1746 4748 monneto.

115 4772 225 4834 sunum
959 4757 988 4802 ut
1000 4764 1081 4818 snpra
1090 4749 1123 4804 tle
1131 4764 1213 4804 mess
1228 4747 1354 4804 ianuarii
1373 4751 1496 4820 episcopi.
1522 4751 1641 4816 Quorum
1653 4761 1746 4807 aulem

154 4833 168 4873 s
183 4832 214 4888 sp
226 4841 314 4887 aum.
336 4828 451 4900 epsxnps
472 4827 501 4883 ιη
526 4825 708 4898 prejudicium
726 4841 733 4880 ς
747 4823 811 4882 linc
823 4835 909 4892 usque
958 4820 1078 4888 capitum
1092 4817 1170 4874 initia
1181 4819 1300 4875 citantur
1312 4833 1347 4874 es
1358 4817 1533 4877 inferioribus
1546 4823 1648 4886 causis,
1662 4837 1694 4876 ea
1706 4823 1750 4878 sic

116 4903 155 4958 ad
171 4919 243 4960 vern.
259 4901 336 4968 Qnorl
353 4898 467 4970 risoris,
493 4897 583 4952 addita
608 4905 672 4952 sunt
683 4911 718 4952 ει
731 4895 845 4968 epistola
863 4895 884 4965 †
899 4911 907 4948 ι
960 4889 1054 4946 relicta
1068 4898 1143 4957 sarsit,
1166 4888 1398 4961 qtremadmnduot,
1412 4899 1492 4946 astes
1506 4905 1538 4946 se
1551 4891 1697 4959 babebann
1718 4903 1750 4948 nr

118 4973 345 5046 quenadmodum
359 4979 387 5026 ει
400 4969 481 5040 paulo
494 4965 606 5024 inierius
620 4983 643 5035 a
658 4967 754 5036 verbu,
770 4966 910 5030 dilatione,
960 4960 1058 5018 rnodus
1071 4961 1172 5018 citandi
1185 4958 1314 5016 Gratiano
1324 4960 1441 5018 usitatus
1453 4973 1627 5035 agnoscatur.

156 5229 801 5306 wambe.Vli.“repuirendum:Ed.Bas.
839 5229 952 5287 ''unlsi
973 5235 1068 5305 curig.
1105 5231 1128 5265 ⁸¹
1139 5231 1261 5301 {mrim-⁸
1282 5227 1334 5286 Ed.
1348 5229 1415 5290 Bas.
1449 5231 1587 5305 ''sumla
1607 5236 1750 5297 Eddcol.

117 5325 148 5367 o.
189 5307 305 5361 ¹‘aratri
327 5303 422 5376 :orig⁸
460 5301 954 5427 ’'quiaccns.esl:desid.agmins.
989 5295 1177 5358 '‘bobumu
1205 5300 1272 5356 lidd.
1295 5301 1356 5357 colb
1381 5317 1408 5358 o.
1446 5298 1556 5361 ”adds
1575 5307 1750 5376 enimultoe:

120 5381 219 5439 Bubul.
256 5375 370 5432 ”adds
393 5375 571 5446 patrimonii:
591 5374 657 5433 Edd.
675 5375 821 5430 cul.o.-
860 5373 934 5429 olum.
970 5373 1141 5445 ”parterm
1159 5386 1169 5425 .·
1189 5369 1258 5428 nod.
1285 5373 1391 5429 collo.
1427 5372 1542 5431 “adun
1571 5380 1749 5437 oerumtlld.

119 5449 184 5509 Eas.
221 5448 395 5502 ‘'diacrist:
412 5445 482 5504 Eild.
502 5448 607 5503 collo.
643 5442 942 5502 ‘'sitcib.erc.llns.
978 5442 1245 5500 l⁸arsonastmiozib.
1282 5440 1502 5515 “septemrssd
1521 5447 1585 5504 Bas.
1622 5449 1751 5506 “discri-

119 5537 199 5578 men:
214 5517 281 5576 l'dd.
296 5517 349 5573 col.
364 5531 391 5574 ο.
428 5512 597 5572 “aruncum
612 5535 618 5572 ι
636 5514 984 5588 ib.-†legunturetiam
1004 5531 1047 5586 ap.
1062 5515 1131 5572 Ans.
1168 5513 1191 5547 n
1205 5511 1408 5571 abestonum.
1445 5513 1468 5547 ‘⁸
1496 5533 1638 5588 monnone
1655 5535 1662 5573 :
1677 5521 1749 5576 Edu.

119 5588 349 5648 collo-Ans.
387 5589 410 5624 n
429 5587 488 5644 bne
502 5598 628 5658 excerpta
642 5597 706 5642 sunt
718 5601 751 5644 ex
776 5583 917 5654 capitulari
943 5588 1033 5659 legum
1054 5581 1245 5658 imperialium.
1263 5585 1336 5655 quod
1349 5585 1377 5642 in
1395 5577 1445 5642 st.
1488 5589 1578 5644 anmi
1614 5589 1667 5642 itur
1686 5600 1749 5659 post

119 5659 325 5733 cosinensi.
348 5657 424 5714 lib.
461 5657 639 5728 ''e'scopoz
657 5656 848 5714 Bolummalc.
885 5655 908 5689 ¹¹
926 5653 1032 5717 Theod.
1054 5660 1115 5713 end.
1136 5655 1184 5712 lib.
1212 5655 1260 5720 td.
1274 5663 1293 5712 ι.
1309 5655 1337 5721 2,
1357 5657 1569 5714 cib-Col.
1607 5669 1665 5718 nst.
1687 5659 1747 5712 l.l.

119 5743 140 5790 ι.
153 5735 180 5800 5,
197 5748 222 5792 c.
236 5733 279 5790 tu.
318 5730 499 5799 ”irruperils
537 5727 581 5782 dd.
599 5727 663 5784 coli·
680 5743 706 5784 o.
744 5725 768 5759 ¹³
785 5727 1058 5785 ecclesiocntlsolien:
1074 5725 1141 5784 cau.
1163 5742 1205 5797 pr.
1220 5715 1324 5797 ergtld.
1344 5725 1377 5793 ΙΙ,
1396 5727 1438 5784 ΙΙΙ.
1475 5728 1517 5800 ††
1537 5730 1609 5786 add:
1632 5729 1672 5783 acl
1688 5731 1750 5784 cul·

120 5806 218 5862 toribus
240 5803 328 5876 ipsis:
351 5799 448 5858 Bohm
498 5799 522 5840 ⁸¹·
546 5797 616 5864 Quin
635 5815 695 5873 erpo
709 5799 852 5872 episcopm.
870 5827 906 5842 -
918 5797 1058 5867 seniculis,
1073 5809 1139 5857 ete:
1153 5801 1222 5855 Ans.
1231 5826 1267 5840 -
1281 5795 1349 5857 buu.
1362 5797 1423 5856 coli.
1437 5813 1465 5856 n·

260 5912 635 5982 Piranumtntxxvlt.
1550 5913 1589 5975 ss
