3975 6334
195 335 251 393 653
719 338 865 397 bmudtl
882 338 970 397 ltus
988 338 1104 425 litter.
1128 338 1214 396 bist.
1231 338 1323 395 xcvi.
1767 346 1819 401 iri

198 450 278 519 pune
293 449 488 507 ecelniaatieae
500 448 569 507 lecit
583 464 720 523 respuere.
748 454 781 509 Et
806 456 886 525 paule
904 466 983 527 pust:
999 464 1021 519 Α
1035 456 1058 509 si
1073 454 1243 525 amplitudini
1265 462 1363 509 restrae
1380 457 1422 509 rol
1439 457 1577 512 sanctitati
1591 458 1699 527 placet,
1715 460 1819 517 luculu-

201 541 392 613 {NJuorenr
416 557 544 599 exemtus
553 558 683 602 enarrare
695 546 802 603 difficile
820 559 863 603 est
879 564 886 603 :
901 562 983 602 uuum
1035 546 1087 599 mia
1111 546 1220 612 omnia,
1247 560 1308 614 quae
1333 546 1367 601 ad
1393 544 1475 601 loturi
1503 549 1634 604 antistitis
1658 553 1818 607 electionem

203 642 304 699 urum,
314 634 387 703 qoud
401 635 534 701 occurrit,
547 640 703 694 uenerando
714 640 803 695 ordini
815 649 906 695 restro
922 640 985 695 iuti·
1034 637 1193 712 respiripnt,
1220 637 1346 707 religiose
1370 637 1544 693 ueneratione
1569 652 1718 706 terremus.
1748 644 1817 700 barre

200 738 275 779 mare
288 739 341 779 nnn
355 722 461 779 diliero.
477 725 608 781 iliteruut
622 726 791 797 'interualla
819 730 981 800 scripturam
1025 726 1119 798 legem
1133 727 1288 798 specialiter
1299 726 1491 798 praeiacentes,
1515 744 1597 799 quam
1619 732 1696 787 nobis
1709 733 1817 789 beredi-

200 815 343 882 qoamdam
356 816 470 873 illustris
487 818 627 873 memoriae
642 818 770 875 Basillom
782 821 859 890 quasi
874 834 924 890 pro
939 836 982 876 ec·
1033 820 1137 891 brrsque
1151 822 1252 877 nostris
1272 821 1436 877 Clrristianre
1449 824 1547 878 mentis
1567 825 1710 881 deuotione
1730 828 1819 882 sauci-

197 906 360 963 clesiasticae
372 924 467 963 umere
483 911 642 967 substantiae
665 912 870 982 conscripsisse,
887 914 914 967 in
928 928 981 983 qua
1033 926 1112 967 urus:
1128 928 1163 967 ue
1177 928 1295 982 rrnqrram
1310 915 1446 984 predium.
1461 931 1508 970 seu
1522 917 1663 981 rusticum,
1678 932 1725 973 seu
1736 917 1819 973 urba·

198 999 288 1053 nullus
301 999 431 1055 Romanae
441 1001 562 1057 ecclesiae
576 1009 584 1023 ·
596 1018 644 1059 nec
658 1006 667 1027 ⁸
681 1004 813 1069 interfuit,
828 1020 877 1060 net·
891 1005 902 1037 1
916 1005 981 1059 sub-
1032 1020 1108 1072 uum,
1130 1003 1172 1059 rel
1195 1016 1365 1071 ornamenta,
1393 1015 1439 1062 aut
1455 1008 1603 1063 ministeria
1619 1010 1815 1077 ecclesiarum,

198 1092 307 1163 scripsit
320 1092 445 1158 arttiates,
461 1108 510 1165 per
531 1110 612 1165 quern
625 1096 757 1165 potuisset
772 1097 863 1152 sortiri
892 1097 980 1167 legiti·
1032 1112 1092 1167 quae
1116 1112 1188 1153 nunc
1210 1110 1283 1162 stunt,
1300 1099 1342 1153 rel
1361 1116 1465 1170 quater
1489 1102 1655 1172 quibuslibet
1670 1104 1754 1159 titulis
1781 1107 1818 1163 td

196 1200 269 1239 rnatu
292 1184 458 1240 firmitatem.
479 1183 519 1239 lle
533 1186 540 1207 ¹
555 1186 637 1241 uero*
649 1187 721 1256 eqo¹
745 1186 807 1243 inde
830 1188 979 1257 disputem,
1030 1188 1208 1245 marsianum
1227 1190 1290 1260 jura
1304 1193 1488 1261 pervenerint,
1508 1194 1543 1248 ab
1560 1208 1605 1260 eo,
1618 1194 1666 1265 qai
1682 1210 1754 1251 nuuc
1767 1210 1818 1253 au·

196 1276 268 1330 uude
278 1284 367 1344 potest
377 1284 497 1331 restrum
509 1276 632 1345 prdieare
646 1278 790 1333 coneiliulu
803 1279 978 1347 requiratur,
1032 1281 1110 1336 tistes
1122 1282 1174 1337 solt
1185 1281 1319 1337 electione
1338 1287 1473 1339 cummuni
1496 1285 1576 1341 luerit
1588 1287 1768 1354 nuliuandus,
1788 1302 1817 1345 et

193 1367 432 1423 etdeleratnr·in
449 1367 578 1431 arellium,
595 1379 669 1424 uter
693 1368 808 1425 lectione
831 1385 980 1440 cuqunsca-
1031 1372 1094 1440 illis,
1120 1374 1165 1443 qui
1197 1372 1294 1429 lrrtoris
1319 1376 1424 1430 aurulis
1445 1388 1594 1447 sequentur
1610 1379 1645 1445 ¹¹,
1656 1394 1818 1451 quocunque

195 1460 230 1513 tis
242 1458 263 1522 ¹,
278 1457 427 1526 curjusmodl
456 1458 540 1528 possit
561 1459 661 1515 babere
674 1459 862 1515 substantiam.
878 1462 978 1515 Sancta
1030 1464 1199 1537 tiutloatque
1209 1478 1364 1523 commento
1379 1468 1490 1523 alienari
1505 1470 1593 1525 liceat.
1605 1471 1634 1526 si
1646 1472 1668 1505 ¹¹
1679 1473 1741 1542 quis
1752 1488 1817 1529 reru

194 1550 311 1619 synodus
326 1550 672 1619 resputulitrrlleleratur
695 1554 722 1606 in
746 1554 876 1617 medium,
891 1562 920 1607 ot
932 1569 979 1607 co·
1028 1554 1129 1625 aliquid
1151 1569 1244 1610 eorum
1268 1557 1387 1614 alienare
1411 1561 1547 1627 vuluerit,
1577 1542 1698 1618 inebicax
1734 1574 1818 1634 alque

192 1642 307 1711 iusruudi
317 1644 351 1698 sit
366 1644 450 1714 possit
467 1647 585 1717 agnosci.
600 1665 609 1699 r
625 1646 657 1702 El
671 1646 692 1679 11
709 1646 772 1701 ιΙιιιιι
787 1645 898 1713 diceret,
911 1646 979 1701 llor-
1029 1644 1135 1699 irritum
1149 1645 1295 1714 judicetur,
1310 1650 1399 1719 sitque
1414 1650 1538 1714 facienti,
1549 1652 1591 1707 uel
1602 1654 1816 1709 consentienti*

195 1736 281 1791 nrlsda
305 1736 436 1792 diaconus
458 1738 601 1796 recitarit:
617 1756 627 1791 ι
647 1736 735 1805 Qotrnr
751 1739 777 1792 iu
793 1738 928 1793 blaosnleo
942 1751 976 1805 ⁸,
1029 1736 1227 1808 accipientique
1244 1722 1424 1795 nnatbemair
1440 1742 1454 1815 5
1472 1743 1500 1797 9.
1516 1742 1651 1801 llatimus
1673 1746 1817 1818 episcopus

192 1826 264 1895 qrrud
288 1839 330 1883 est
353 1828 422 1897 apud
436 1826 466 1882 il.
485 1828 593 1884 Petrum
609 1830 631 1861 ¹¹
656 1830 819 1900 apostolum,
845 1832 975 1887 resideret
992 1822 1148 1885 lllileranas
1166 1832 1288 1887 ecclesiae
1299 1833 1388 1887 tlitit:
1407 1854 1417 1886 r
1435 1835 1514 1890 blodo
1527 1847 1620 1893 saneta
1640 1840 1758 1910 synodus
1770 1840 1813 1894 di-

191 1920 315 1975 sublimis
338 1932 365 1977 et
380 1922 611 1978 etrrirrentissimus
629 1923 671 1976 uir
691 1922 832 1995 praelectus
851 1925 976 1993 praeturio
1028 1932 1125 1992 quetur
1137 1924 1256 1989 erlicere,
1275 1928 1297 1979 si
1313 1925 1390 1981 licuit
1409 1927 1477 1983 laico
1502 1930 1603 1983 lromiui
1626 1933 1770 1985 auatltcma
1787 1933 1814 1985 iu

191 2021 273 2081 atque
288 2014 427 2083 patricius,
446 2030 529 2084 agens
543 2015 624 2069 ctianr
638 2016 710 2071 uices
736 2014 975 2085 precellentissimi
1025 2015 1148 2069 ordinem
1163 2017 1375 2073 ecclesiasticum
1388 2020 1500 2086 dictare,
1521 2032 1565 2075 aul
1583 2022 1606 2077 si
1629 2024 1715 2093 potuit
1728 2023 1815 2079 laicus

192 2107 263 2175 repis
280 2105 420 2171 0rloarris,
437 2106 560 2171 Basilius,
588 2109 672 2163 dixit:
691 2125 701 2159 r
719 2106 877 2178 Quanquam
894 2108 974 2163 studii
1025 2106 1160 2160 sacerdoti
1175 2109 1317 2163 anatliema
1329 2110 1430 2176 dicere,
1456 2119 1483 2164 et
1506 2124 1601 2166 contra
1616 2128 1733 2169 mutones
1744 2116 1815 2183 anrd

191 2198 275 2251 uestri
299 2208 327 2252 et
348 2198 486 2269 religionis
502 2199 620 2264 intersit,
640 2200 708 2254 utin
731 2200 901 2271 episcopatus
921 2200 976 2255 ele·
1027 2195 1052 2251 ei
1075 2212 1128 2251 non
1155 2201 1325 2269 competebat
1338 2202 1525 2257 constituere?
1549 2204 1643 2268 Dicite,
1656 2206 1734 2260 rubis
1749 2205 1815 2276 quid

192 2290 282 2345 ctione
299 2292 441 2347 concordia
458 2290 644 2361 principaliter
660 2304 783 2347 serretur
797 2292 976 2357 ecclesiane
1027 2288 1249 2346 ridetarllleme
1259 2292 1335 2347 lieolt
1345 2293 1594 2364 laleoleqemdarel
1604 2296 1721 2351 ›Sunt-ta
1734 2312 1814 2368 spuo·

193 2391 281 2437 lamen
296 2382 318 2415 ¹¹
328 2398 377 2453 per
386 2386 555 2441 occasionem
573 2386 711 2443 seditionis
724 2384 746 2417 11
760 2394 847 2440 status
859 2384 977 2441 ciuitatis
1027 2380 1079 2435 dus
1092 2381 1181 2436 dixit:
1197 2399 1207 2433 r
1224 2382 1280 2437 Nun
1295 2383 1380 2451 licuit,
1392 2403 1401 2437 ι
1414 2397 1440 2439 et
1451 2386 1577 2457 adjecit:
1593 2406 1603 2441 t
1616 2387 1689 2461 Lege
1698 2405 1814 2460 sequen·

192 2484 303 2529 uocetur
315 2477 337 2507 11
356 2476 382 2531 in
405 2478 513 2532 dubium
529 2478 561 2542 ¹¹,
581 2476 765 2532 admonitione
785 2474 807 2508 11
826 2476 974 2531 beatissimi
1028 2469 1076 2525 lis.
1090 2490 1101 2523 r
1115 2471 1257 2529 ilormisda
1268 2472 1483 2544 diaconoslepit:
1498 2494 1507 2527 ι
1523 2476 1556 2530 Et
1573 2477 1607 2543 is,
1621 2480 1667 2547 qui
1681 2480 1813 2548 praedium

191 2566 242 2619 vrrs
265 2565 344 2638 [ιαμ
369 2568 453 2624 „0qu
484 2568 639 2642 symmachi
660 2569 682 2602 n
697 2568 840 2641 sjmppcp,
859 2586 939 2641 qrram
954 2571 977 2605 ¹·
1028 2563 1157 2618 rusticum
1169 2562 1211 2619 rel
1225 2564 1358 2619 urbanum
1377 2566 1447 2637 loris
1460 2566 1637 2624 ecclesiastici
1653 2569 1814 2628 tunitron·

190 2668 255 2712 aute
267 2659 359 2715 oculos
379 2675 484 2731 semper
498 2662 598 2716 babere
607 2661 745 2729 delicium,
762 2662 812 2717 lroc
826 2661 904 2716 nrrbis
919 2674 976 2715 rue·
1028 2662 1146 2721 mutus,
1159 2656 1266 2709 noterit
1277 2670 1308 2710 se
1322 2656 1392 2710 nulla
1406 2658 1464 2728 lege
1480 2658 1521 2713 rel
1532 2662 1736 2730 prescriptione
1750 2680 1812 2720 mo·

193 2750 310 2807 ministis
324 2756 374 2805 suli
388 2752 569 2809 obtestatione
582 2752 666 2809 luisse
689 2754 857 2819 tutanduloru,
870 2762 899 2807 ut
915 2768 977 2823 pro·
1027 2746 1132 2808 ¹¹illlllli
1161 2748 1208 2800 ⁸01¹
1228 2746 1332 2813 8111111,
1352 2748 1397 2816 qni
1419 2748 1585 2817 illenileilb
1610 2752 1666 2807 11111
1682 2755 1727 2822 qui
1751 2770 1812 2810 ⁰¹¹¹¹¹

192 2850 254 2909 pter
275 2840 350 2897 illurn
374 2843 516 2913 strepitum
531 2853 558 2898 et
575 2844 737 2899 venerabilis
754 2842 876 2899 ecclesiae
893 2842 977 2897 ‹letri-
1028 2846 1155 2907 sequetur
1168 2837 1202 2901 11,
1215 2838 1354 2894 1011111111
1368 2840 1503 2895 contrella
1515 2844 1644 2910 lraetllllm
1660 2844 1814 2912 ltuillstuodl

192 2941 322 2999 utentum,
337 2933 359 2988 si
373 2948 435 2987 eum
447 2933 479 2987 de
494 2935 544 2991 bac
560 2933 618 2989 luce
631 2936 746 2991 transire
757 2934 910 3005 cnrrtiqerit,
923 2949 976 2989 uon
1027 2930 1172 2985 alienatum
1195 2932 1351 2986 revocareb
1366 2933 1480 2989 uoluerit
1497 2933 1531 3002 11,
1548 2935 1574 2989 id
1595 2950 1657 2991 eom
1680 2938 1814 2995 fructibus

158 3021 163 3031 '
190 3023 249 3077 siue
265 3036 356 3079 uestra
371 3023 568 3080 corrsultatioue
584 3026 728 3097 rtrjnslibct
749 3025 900 3081 celebretur
922 3024 977 3079 elc-
1028 3022 1162 3086 restituat,
1174 3038 1242 3093 quos
1256 3023 1277 3055 11
1290 3024 1345 3080 illic
1360 3024 1442 3081 luerit
1453 3040 1627 3083 consecutos.
1649 3047 1658 3080 r
1678 3028 1692 3101 5
1708 3032 1734 3086 5.
1751 3030 1814 3087 turc

190 3114 254 3169 ctio.
273 3133 282 3165 r
298 3114 360 3171 llaec
373 3130 456 3185 quotu
472 3113 639 3185 legerentur,
653 3116 819 3173 Cresconius
831 3114 976 3183 episcopus
1028 3130 1110 3184 quum
1126 3116 1238 3187 legeret,
1248 3116 1401 3188 Slepbauus
1412 3117 1708 3188 eptsmporvmurmn
1724 3122 1811 3177 eccle·

191 3207 633 3265 'ciuitatis'Tuderliuteecclesitc
648 3222 793 3281 stirpense
808 3222 935 3261 coursesso
950 3204 971 3238 ¹¹
1027 3205 1075 3260 site
1087 3218 1229 3274 sorqense
1242 3220 1371 3260 corraesso
1382 3205 1406 3237 11
1416 3206 1485 3261 dixit
1497 3224 1529 3260 :r
1547 3206 1729 3279 Perleqatur.»
1745 3208 1814 3264 llor-

189 3299 279 3353 dixit:
298 3319 308 3351 r
325 3298 373 3354 liic
395 3300 418 3332 11
441 3302 588 3371 perpendat
616 3284 710 3357 salicta
731 3300 859 3373 synodus,
888 3299 926 3353 uti
949 3299 972 3329 ¹¹
1027 3297 1114 3353 minda
1134 3296 1388 3369 diaconusleqilar
1412 3296 1567 3369 Quapoena
1584 3308 1595 3339 ⁸
1612 3300 1714 3370 placuit
1738 3306 1798 3358 acci

189 3393 379 3459 pretermissis
405 3395 529 3463 personis
560 3392 706 3465 religiosis,
732 3393 831 3463 quibus
856 3390 974 3445 maxime
1026 3388 1128 3456 pientis
1146 3386 1229 3442 etiarn
1255 3389 1369 3445 heredes
1391 3389 1508 3445 adicere.
1537 3388 1566 3444 lu
1591 3394 1815 3459 quarecuililret

190 3498 262 3537 rurae
276 3484 299 3514 ¹¹
317 3495 359 3540 etl
378 3484 411 3539 de
433 3468 507 3541 tantu
522 3486 661 3552 Pontillce,
682 3485 840 3541 electionem
860 3482 921 3538 laici
947 3484 973 3536 lu
1027 3478 1185 3533 clericorum
1204 3480 1407 3535 currtradiceudi
1423 3480 1508 3535 libera
1519 3478 1543 3512 11
1556 3480 1592 3536 sit
1613 3480 1737 3538 lactrltas.
1761 3482 1814 3538 lui·

190 3590 265 3629 suam
278 3576 431 3647 redegerint
449 3577 472 3609 11
482 3588 653 3647 potestatem,
665 3578 735 3647 qood
751 3586 846 3631 eurrlra
858 3588 975 3629 curiones
1028 3584 1110 3640 quom
1129 3580 1172 3626 est
1193 3573 1306 3627 enimet
1320 3572 1455 3642 sacrilegii
1468 3573 1564 3637 instar,
1578 3581 1607 3627 ut
1621 3589 1681 3643 quae
1707 3574 1749 3630 rel
1765 3591 1814 3646 pru

189 3682 250 3723 esse
273 3668 446 3725 manufestum
470 3679 524 3725 est.
549 3688 559 3722 r
585 3670 650 3725 item
677 3669 819 3725 llormisda
844 3668 976 3723 diaconus
1027 3662 1125 3727 11111111,
1139 3662 1206 3718 lel'
1226 3676 1275 3734 plo
1291 3664 1407 3733 ‘requie
1422 3666 1573 3719 milliarum
1598 3681 1708 3723 ⁸1¹de
1731 3684 1815 3722 uniti·

191 3760 255 3827 legit
269 3759 315 3813 ¹¹:
331 3776 341 3811 t
358 3758 428 3815 Natu
452 3770 481 3815 et
505 3776 589 3833 quum
614 3760 680 3833 qnid
704 3760 872 3818 cerritulonis
896 3768 977 3828 alque
1027 3756 1141 3826 quisque
1153 3754 1300 3810 venerabili
1317 3755 1441 3812 ecclesiae
1454 3771 1604 3828 pauperum
1615 3771 1697 3812 causa
1712 3768 1813 3814 eunun-

190 3851 324 3919 dispendii
343 3852 503 3908 uenerabilis
522 3852 637 3909 ecclesia
651 3852 807 3916 sustineret,
831 3851 974 3912 miramur,
1027 3844 1090 3899 lerit
1102 3854 1148 3900 aut
1160 3854 1235 3901 certe
1257 3844 1407 3916 reliquerit,
1418 3851 1453 3903 ab
1467 3848 1518 3916 ltis,
1534 3862 1602 3920 quus
1625 3848 1682 3905 baee
1697 3850 1814 3904 trranime

190 3946 380 4013 praetermissis
397 3946 475 4003 nobis
490 3947 635 4017 quicquam
661 3946 696 4001 dc
710 3945 734 3977 11
749 3945 829 4000 rebus
851 3941 975 3998 ecclesiae
1027 3953 1137 3993 serrare
1151 3948 1324 4007 consueuerat,
1340 3939 1367 3994 ln
1377 3940 1490 3994 alterum
1507 3941 1716 3997 transferantur.
1730 3939 1813 3996 Plane

190 4035 274 4091 luisse
295 4044 445 4104 tentalum,
468 4053 550 4108 quum
568 4044 578 4059 ·
597 4038 701 4093 etiam·
722 4038 863 4092 sacerdote
882 4043 974 4089 uttstrn
1027 4044 1196 4100 quecunque
1210 4029 1424 4101 inqemmisucl
1438 4047 1505 4087 auro
1518 4041 1599 4101 atque
1612 4041 1735 4101 arpenta,
1761 4048 1812 4089 occ

190 4128 334 4197 superstite
347 4128 413 4183 uilril
427 4130 486 4185 sine
501 4129 578 4186 nobis
593 4128 731 4185 debuisset
754 4126 868 4183 assumi.
886 4124 976 4191 Quare
1030 4136 1084 4176 nou
1097 4130 1125 4175 et
1136 4122 1257 4178 restibus
1270 4124 1360 4178 miuus
1372 4134 1434 4193 apta
1456 4122 1549 4178 usibus
1563 4124 1604 4178 rel
1617 4125 1723 4179 ornatui
1736 4125 1813 4179 ride·

788 4263 1006 4325 NOTATlONES
1018 4260 1288 4319 connectuntur.

226 4411 303 4466 btsr.
315 4408 405 4465 licui.
418 4409 448 4465 C.
462 4410 484 4465 l.
500 4422 514 4452 ⁸
535 4410 622 4477 Quum
635 4411 664 4465 in
680 4406 836 4465 uarnter:
850 4404 908 4459 lice
920 4402 974 4457 ini·
1024 4407 1089 4455 sunt
1103 4398 1177 4452 risae.
1279 4468 1285 4479 ¹
1665 4463 1671 4478 ⁸

191 4498 256 4539 nom
270 4482 411 4551 scripturae
423 4479 511 4535 Basilii
524 4484 551 4536 in
567 4482 644 4537 tumis
655 4479 831 4536 conciliorum
841 4488 868 4531 et
879 4475 973 4531 codice
1063 4470 1077 4509 11
1093 4468 1243 4523 deuocare:
1258 4466 1303 4522 Src
1314 4475 1355 4523 est
1366 4474 1537 4521 emendatum
1550 4478 1584 4519 ex
1597 4465 1725 4521 omnibus
1746 4482 1814 4525 run·

191 4568 322 4607 canoruun
340 4550 379 4607 sic
393 4552 473 4606 lrubct
487 4567 494 4605 ε
509 4548 596 4617 Quum
607 4552 634 4604 iu
645 4565 725 4605 uuum
740 4547 809 4619 aprrrd
819 4546 850 4599 b.
863 4544 972 4599 Petrum
1027 4539 1081 4596 ciiii
1091 4537 1291 4607 exemplaribus
1299 4547 1325 4592 cl
1339 4536 1478 4620 impressis
1486 4544 1514 4591 cl
1526 4536 1718 4607 manuscriptis
1727 4552 1814 4607 quum

191 4623 336 4691 apostolum
354 4622 515 4687 resedissent,
538 4617 973 4684 sublinria,elc.'.(ltttuiuoaule
1027 4619 1108 4667 attica
1127 4609 1419 4690 legereturrreltnere.
1492 4674 1521 4689 Η
1560 4678 1566 4690 Ι
1706 4676 1732 4691 ..

192 4693 282 4747 rtrrdtae
296 4703 360 4746 sttrtt
375 4692 454 4761 lrrrjus
471 4690 581 4761 capituli
601 4690 785 4745 uarietatesiu
806 4682 956 4757 exemplari
1064 4691 1079 4761 ⁸·
1092 4677 1151 4744 Qun
1161 4692 1237 4746 poeua
1250 4692 1260 4732 .·
1271 4678 1300 4733 lu
1321 4676 1620 4761 outrubos'etltltuurbus
1635 4676 1813 4735 conciliorum

193 4765 242 4819 bus
256 4762 392 4827 Gratiani,
408 4764 435 4817 iu
451 4762 535 4817 rarus
558 4762 731 4816 conciliorum
757 4759 931 4818 editionibus,
947 4762 975 4808 el
1028 4751 1147 4822 legitur:
1166 4746 1468 4831 Quuutpteuantpinctttl
1480 4747 1814 4819 occrplenuslteretlespro·

192 4836 218 4887 iu
232 4835 324 4888 codiee
334 4849 479 4897 cattottunt,
491 4848 524 4887 cr
537 4834 633 4903 quibus
648 4848 686 4887 cae
703 4840 804 4887 lartlum
818 4826 914 4899 purtim
935 4825 976 4878 iu-
1029 4821 1185 4890 decedesque
1198 4834 1332 4887 respicere.
1347 4817 1375 4873 ln
1389 4822 1482 4874 cotltre
1494 4834 1558 4872 uero
1571 4834 1704 4873 cauouutu
1717 4836 1813 4875 uranu·

192 4904 298 4971 dicate,
313 4904 411 4975 partim
436 4914 534 4959 ttotalae
557 4912 631 4967 suut,
643 4917 703 4973 quae
720 4900 830 4971 majoris
848 4897 976 4969 pertuleris
1012 4924 1015 4927 ·
1030 4892 1131 4961 scripto
1145 4904 1198 4944 uon
1209 4898 1251 4945 est
1264 4890 1364 4945 dictio:
1377 4887 1591 4961 protendamus.

976 5020 1014 5034 -

228 5083 409 5143 litsr.XCl¹l.
436 5085 466 5142 G.
483 5085 504 5141 l.
559 5082 783 5155 'Referaaeaetl
822 5085 885 5139 ‘rel
901 5090 989 5143 reaed.
1029 5088 1114 5157 ¹erqo
1134 5088 1224 5143 seed.
1240 5102 1282 5158 pr.
1299 5087 1361 5143 lias.
1399 5087 1555 5155 'reseratur
1580 5104 1587 5139 :
1613 5086 1679 5142 End.
1702 5086 1766 5143 coll.
1784 5103 1813 5143 n.

194 5158 367 5227 'spumantia
388 5176 406 5214 e
439 5156 510 5228 orig.
537 5186 573 5201 -·
601 5156 649 5212 Ed.
686 5154 749 5211 bas.
822 5156 844 5189 11
869 5155 956 5222 Quart
981 5159 1058 5214 irae:
1084 5157 1154 5213 edd.
1188 5160 1250 5213 coll.
1276 5173 1304 5213 u.
1389 5159 1400 5181 1
1425 5156 1453 5211 iu
1479 5158 1638 5213 collectione
1668 5172 1712 5227 tp.
1744 5158 1811 5214 Eas.

194 5228 299 5296 brrtort,
319 5244 380 5298 quae
402 5226 564 5299 Dionysiana
587 5242 647 5283 esse
661 5226 850 5297 cognoscitur,
861 5227 959 5299 legitur
976 5241 1007 5285 ot
1023 5230 1051 5285 in
1073 5238 1158 5283 letto.
1231 5229 1253 5260 ¹¹
1274 5226 1413 5283 Paulam:
1432 5227 1499 5283 Edd.
1515 5226 1578 5283 coll.
1594 5242 1621 5283 u.
1695 5229 1718 5260 ¹¹
1736 5232 1815 5285 obest

193 5302 305 5375 aboriq.
344 5300 366 5332 11
377 5298 535 5355 metionis:
552 5296 618 5355 lidd.
636 5297 700 5353 roll.
714 5312 741 5353 o.
780 5298 802 5330 11
821 5302 1054 5356 repertitium.
1092 5300 1115 5332 ¹⁸
1137 5298 1341 5367 biuittrnsoriq.
1359 5316 1375 5351 a
1395 5300 1524 5354 Amori.
1563 5298 1585 5331 11
1599 5299 1683 5354 add:
1699 5307 1814 5355 umen:

192 5370 262 5441 oriq.
297 5371 319 5407 ¹¹
339 5372 415 5441 prius
430 5384 527 5426 nornen
540 5372 617 5427 abest
630 5370 665 5423 ab
680 5369 749 5439 orig.
765 5358 809 5440 ap'.
823 5368 966 5433 ldnnsioru,
980 5372 1095 5425 alteratur
1107 5370 1275 5424 desideratur
1288 5369 1315 5423 in
1335 5314 1440 5423 eolfect.
1456 5372 1563 5425 dmort.
1601 5368 1728 5439 ”querite
1742 5368 1812 5425 Edu.

193 5443 256 5513 erg.
274 5442 336 5499 iias.
374 5441 396 5475 ¹¹
409 5453 569 5501 renuente:
601 5440 857 5497 Edd.cull.u.exc.
876 5438 935 5493 uas.
973 5440 997 5472 11
1013 5438 1174 5494 ΗικεΕιΙιΙ.
1186 5438 1248 5491 coll.
1260 5453 1287 5492 o.
1324 5440 1348 5471 ¹¹
1361 5449 1450 5493 utrum
1468 5441 1561 5495 seced.
1596 5441 1719 5495 ¹¹curus
1744 5442 1812 5495 eard.

192 5528 253 5566 rum
268 5516 336 5586 nriq.
373 5508 397 5547 11
413 5510 639 5582 rediperepuatiut
655 5528 665 5567 .·
682 5512 750 5565 emal.
789 5510 812 5541 11
823 5510 920 5578 lepitrtr
938 5510 1057 5565 diuisae:
1085 5510 1154 5564 eaed.
1190 5509 1213 5541 11
1230 5510 1264 5563 de
1285 5510 1339 5564 rei.
1367 5510 1459 5564 eceb:
1482 5510 1670 5566 desiderantur
1688 5510 1715 5565 in
1742 5510 1812 5577 orig.

193 5584 217 5618 ¹¹
229 5597 371 5655 aequantur
386 5601 394 5638 :
409 5584 466 5639 Edd
477 5580 538 5639 coll.
552 5598 578 5637 ο.
628 5580 650 5613 11
672 5579 703 5635 Ει
717 5582 864 5651 quicunque
881 5579 1149 5647 iterfecereroltterit
1164 5579 1253 5635 read.
1290 5579 1313 5612 11
1325 5580 1401 5636 adde
1416 5581 1585 5636 duutireed.
1642 5581 1665 5615 ¹¹
1687 5583 1732 5653 qui
1755 5597 1815 5635 eum

193 5671 302 5719 aqueus
317 5674 326 5709 s
347 5656 415 5711 eud.
428 5654 518 5723 -qrti
529 5662 714 5723 cenaequenter
729 5668 736 5705 r
751 5652 820 5722 orig.
834 5665 877 5721 ap.
891 5650 977 5705 unns.
993 5661 1023 5706 et
1036 5654 1141 5707 drucrt.
1153 5680 1185 5691 -
1202 5652 1247 5720 qui
1258 5651 1423 5722 [repercutere
1437 5651 1497 5722 orig
1508 5666 1552 5720 ap.
1574 5650 1679 5706 llerlin.
1718 5651 1741 5684 11
1755 5662 1815 5703 teu·

193 5728 304 5783 tuterit:
321 5725 577 5794 Erilianeturiq.
614 5720 870 5793 '’quilliutlrcrlq.
909 5720 1100 5781 '’comma:
1122 5720 1465 5795 montebracone.
1503 5720 1814 5778 ¹¹add.:nulle=i2dd.

192 5796 254 5851 rull.
267 5812 293 5853 u.
1333 5800 1337 5809 '

337 5942 348 5975 O
