<?xml version="1.0" encoding="UTF-8"?>
<!DOCTYPE html PUBLIC "-//W3C//DTD XHTML 1.0 Transitional//EN"
    "http://www.w3.org/TR/xhtml1/DTD/xhtml1-transitional.dtd">
<html xmlns="http://www.w3.org/1999/xhtml" xml:lang="en" lang="en">
 <head>
  <title>
</title>
<meta http-equiv="Content-Type" content="text/html;charset=utf-8" />
  <meta name='ocr-system' content='tesseract 3.04.00' />
  <meta name='ocr-capabilities' content='ocr_page ocr_carea ocr_par ocr_line ocrx_word'/>
</head>
<body>
  <div class='ocr_page' id='page_1' title='image "./patrologiaecurs195unkngoog_0515.png"; bbox 0 0 3975 6334; ppageno 0'>
   <div class='ocr_carea' id='block_1_1' title="bbox 126 347 178 406">
    <p class='ocr_par' dir='ltr' id='par_1_1' title="bbox 126 347 178 406">
     <span class='ocr_line' id='line_1_1' title="bbox 126 347 178 406; baseline -0.019 0"><span class='ocrx_word' id='word_1_1' title='bbox 126 347 178 406; x_wconf 76' lang='lat' dir='ltr'><strong><em>stt</em></strong></span> 
     </span>
    </p>
   </div>
   <div class='ocr_carea' id='block_1_2' title="bbox 501 332 1381 403">
    <p class='ocr_par' dir='ltr' id='par_1_2' title="bbox 501 332 1381 403">
     <span class='ocr_line' id='line_1_2' title="bbox 501 332 1381 403; baseline -0.009 -3"><span class='ocrx_word' id='word_1_2' title='bbox 501 341 650 402; x_wconf 74' lang='lat' dir='ltr'><strong><em>DECRETl</em></strong></span> <span class='ocrx_word' id='word_1_3' title='bbox 668 341 764 398; x_wconf 74' lang='lat' dir='ltr'><strong>PARS</strong></span> <span class='ocrx_word' id='word_1_4' title='bbox 781 338 951 398; x_wconf 66' lang='lat' dir='ltr'><strong><em>SECUNDA·</em></strong></span> <span class='ocrx_word' id='word_1_5' title='bbox 967 334 1082 394; x_wconf 74' lang='lat' dir='ltr'>CAUSA</span> <span class='ocrx_word' id='word_1_6' title='bbox 1101 333 1169 392; x_wconf 83' lang='lat' dir='ltr'><strong><em>xul.</em></strong></span> <span class='ocrx_word' id='word_1_7' title='bbox 1187 332 1324 403; x_wconf 76' lang='lat' dir='ltr'><strong>QUAEST.</strong></span> <span class='ocrx_word' id='word_1_8' title='bbox 1347 334 1381 392; x_wconf 78' lang='lat' dir='ltr'><strong><em>ll.</em></strong></span> 
     </span>
    </p>
   </div>
   <div class='ocr_carea' id='block_1_3' title="bbox 1698 337 1750 394">
    <p class='ocr_par' dir='ltr' id='par_1_3' title="bbox 1698 337 1750 394">
     <span class='ocr_line' id='line_1_3' title="bbox 1698 337 1750 394; baseline -0.038 0"><span class='ocrx_word' id='word_1_9' title='bbox 1698 337 1750 394; x_wconf 79' lang='lat'><strong><em>958</em></strong></span> 
     </span>
    </p>
   </div>
   <div class='ocr_carea' id='block_1_4' title="bbox 126 448 1751 528">
    <p class='ocr_par' dir='ltr' id='par_1_4' title="bbox 126 448 1751 528">
     <span class='ocr_line' id='line_1_4' title="bbox 126 448 1751 528; baseline -0.003 -15"><span class='ocrx_word' id='word_1_10' title='bbox 126 459 330 527; x_wconf 60' lang='lat' dir='ltr'><strong><em>thseutetrr</em></strong></span> <span class='ocrx_word' id='word_1_11' title='bbox 339 456 458 528; x_wconf 78' lang='lat' dir='ltr'><strong><em>qlciilrru</em></strong></span> <span class='ocrx_word' id='word_1_12' title='bbox 473 453 620 510; x_wconf 76' lang='lat' dir='ltr'><strong><em>delentur?</em></strong></span> <span class='ocrx_word' id='word_1_13' title='bbox 638 453 703 520; x_wconf 89' lang='lat' dir='ltr'><strong><em>illis,</em></strong></span> <span class='ocrx_word' id='word_1_14' title='bbox 722 471 739 507; x_wconf 92' lang='lat' dir='ltr'><strong><em>u</em></strong></span> <span class='ocrx_word' id='word_1_15' title='bbox 758 453 852 525; x_wconf 84' lang='lat' dir='ltr'><strong><em>quiius</em></strong></span> <span class='ocrx_word' id='word_1_16' title='bbox 865 451 913 507; x_wconf 84' lang='lat' dir='ltr'><strong><em>la·</em></strong></span> <span class='ocrx_word' id='word_1_17' title='bbox 923 455 952 512; x_wconf 74' lang='lat' dir='ltr'>A</span> <span class='ocrx_word' id='word_1_18' title='bbox 964 466 1012 505; x_wconf 87' lang='lat' dir='ltr'><strong><em>nec</em></strong></span> <span class='ocrx_word' id='word_1_19' title='bbox 1022 450 1102 505; x_wconf 92' lang='lat' dir='ltr'><strong><em>etiarn</em></strong></span> <span class='ocrx_word' id='word_1_20' title='bbox 1116 465 1206 505; x_wconf 81' lang='lat' dir='ltr'><strong><em>eornm</em></strong></span> <span class='ocrx_word' id='word_1_21' title='bbox 1216 448 1403 507; x_wconf 65' lang='lat' dir='ltr'><strong><em>decimationes</em></strong></span> <span class='ocrx_word' id='word_1_22' title='bbox 1418 449 1491 504; x_wconf 82' lang='lat' dir='ltr'><strong><em>nolis</em></strong></span> <span class='ocrx_word' id='word_1_23' title='bbox 1503 455 1647 522; x_wconf 87' lang='lat' dir='ltr'><strong><em>retrnqrrere</em></strong></span> <span class='ocrx_word' id='word_1_24' title='bbox 1659 452 1751 514; x_wconf 83' lang='lat' dir='ltr'><strong><em>uultis.</em></strong></span> 
     </span>
    </p>
   </div>
   <div class='ocr_carea' id='block_1_5' title="bbox 125 545 918 1807">
    <p class='ocr_par' dir='ltr' id='par_1_5' title="bbox 125 545 918 1807">
     <span class='ocr_line' id='line_1_5' title="bbox 125 545 915 621; baseline -0.009 -17"><span class='ocrx_word' id='word_1_25' title='bbox 125 553 223 621; x_wconf 78' lang='lat' dir='ltr'><strong><em>ptisana</em></strong></span> <span class='ocrx_word' id='word_1_26' title='bbox 241 549 385 619; x_wconf 80' lang='lat' dir='ltr'><strong><em>accipiunt,</em></strong></span> <span class='ocrx_word' id='word_1_27' title='bbox 405 564 441 604; x_wconf 86' lang='lat' dir='ltr'><strong><em>ore</em></strong></span> <span class='ocrx_word' id='word_1_28' title='bbox 457 546 540 604; x_wconf 85' lang='lat' dir='ltr'><strong><em>aliisi</em></strong></span> <span class='ocrx_word' id='word_1_29' title='bbox 554 545 612 602; x_wconf 86' lang='lat' dir='ltr'><strong><em>Nos</em></strong></span> <span class='ocrx_word' id='word_1_30' title='bbox 633 562 677 602; x_wconf 89' lang='lat' dir='ltr'><strong><em>eos</em></strong></span> <span class='ocrx_word' id='word_1_31' title='bbox 700 545 875 613; x_wconf 78' lang='lat' dir='ltr'><strong><em>baptizamus,</em></strong></span> <span class='ocrx_word' id='word_1_32' title='bbox 890 555 915 598; x_wconf 91' lang='lat' dir='ltr'><strong><em>et</em></strong></span> 
     </span>
     <span class='ocr_line' id='line_1_6' title="bbox 125 634 917 702; baseline -0.015 -4"><span class='ocrx_word' id='word_1_33' title='bbox 125 656 170 698; x_wconf 83' lang='lat' dir='ltr'><strong><em>see</em></strong></span> <span class='ocrx_word' id='word_1_34' title='bbox 183 639 218 694; x_wconf 83' lang='lat' dir='ltr'><strong><em>alt</em></strong></span> <span class='ocrx_word' id='word_1_35' title='bbox 235 641 273 694; x_wconf 87' lang='lat' dir='ltr'><strong><em>eis</em></strong></span> <span class='ocrx_word' id='word_1_36' title='bbox 287 639 403 694; x_wconf 75' lang='lat' dir='ltr'><strong><em>decime</em></strong></span> <span class='ocrx_word' id='word_1_37' title='bbox 417 636 540 692; x_wconf 70' lang='lat' dir='ltr'><strong><em>samnis?</em></strong></span> <span class='ocrx_word' id='word_1_38' title='bbox 564 634 680 690; x_wconf 86' lang='lat' dir='ltr'><strong><em>iioncsta</em></strong></span> <span class='ocrx_word' id='word_1_39' title='bbox 695 635 746 689; x_wconf 90' lang='lat' dir='ltr'><strong><em>ista</em></strong></span> <span class='ocrx_word' id='word_1_40' title='bbox 760 634 917 702; x_wconf 79' lang='lat' dir='ltr'><strong><em>interpretu-</em></strong></span> 
     </span>
     <span class='ocr_line' id='line_1_7' title="bbox 126 726 916 800; baseline -0.01 -12"><span class='ocrx_word' id='word_1_41' title='bbox 126 734 165 788; x_wconf 88' lang='lat' dir='ltr'><strong><em>tis</em></strong></span> <span class='ocrx_word' id='word_1_42' title='bbox 175 741 215 788; x_wconf 82' lang='lat' dir='ltr'><strong><em>eet</em></strong></span> <span class='ocrx_word' id='word_1_43' title='bbox 231 730 357 787; x_wconf 83' lang='lat' dir='ltr'><strong><em>:atinam</em></strong></span> <span class='ocrx_word' id='word_1_44' title='bbox 369 729 507 784; x_wconf 84' lang='lat' dir='ltr'><strong><em>inuenietis</em></strong></span> <span class='ocrx_word' id='word_1_45' title='bbox 521 727 612 800; x_wconf 84' lang='lat' dir='ltr'><strong><em>qnisic</em></strong></span> <span class='ocrx_word' id='word_1_46' title='bbox 621 744 669 797; x_wconf 86' lang='lat' dir='ltr'><strong><em>pro</em></strong></span> <span class='ocrx_word' id='word_1_47' title='bbox 679 726 750 781; x_wconf 85' lang='lat' dir='ltr'><strong><em>uoiis</em></strong></span> <span class='ocrx_word' id='word_1_48' title='bbox 760 727 916 796; x_wconf 81' lang='lat' dir='ltr'><strong><em>intepreten-</em></strong></span> 
     </span>
     <span class='ocr_line' id='line_1_8' title="bbox 126 815 911 892; baseline -0.006 -13"><span class='ocrx_word' id='word_1_49' title='bbox 126 822 190 879; x_wconf 90' lang='lat' dir='ltr'><strong><em>tstrl</em></strong></span> <span class='ocrx_word' id='word_1_50' title='bbox 204 822 277 888; x_wconf 74' lang='lat' dir='ltr'><strong><em>Quia</em></strong></span> <span class='ocrx_word' id='word_1_51' title='bbox 294 837 355 892; x_wconf 88' lang='lat' dir='ltr'><strong><em>erqo</em></strong></span> <span class='ocrx_word' id='word_1_52' title='bbox 369 836 418 876; x_wconf 88' lang='lat' dir='ltr'><strong><em>nos</em></strong></span> <span class='ocrx_word' id='word_1_53' title='bbox 432 820 549 890; x_wconf 68' lang='grc' dir='ltr'><em>πίααπππ</em></span> <span class='ocrx_word' id='word_1_54' title='bbox 564 817 690 890; x_wconf 83' lang='lat' dir='ltr'><strong><em>populum</em></strong></span> <span class='ocrx_word' id='word_1_55' title='bbox 704 817 784 882; x_wconf 82' lang='lat' dir='ltr'><strong><em>iuno,</em></strong></span> <span class='ocrx_word' id='word_1_56' title='bbox 800 815 911 874; x_wconf 77' lang='lat' dir='ltr'><strong><em>imbrem</em></strong></span> 
     </span>
     <span class='ocr_line' id='line_1_9' title="bbox 126 909 918 979; baseline -0.009 -9"><span class='ocrx_word' id='word_1_57' title='bbox 126 915 255 970; x_wconf 79' lang='lat' dir='ltr'><strong><em>doctrinae</em></strong></span> <span class='ocrx_word' id='word_1_58' title='bbox 275 915 300 970; x_wconf 87' lang='lat' dir='ltr'><strong><em>ei</em></strong></span> <span class='ocrx_word' id='word_1_59' title='bbox 321 913 512 976; x_wconf 80' lang='lat' dir='ltr'><strong><em>nrinimrumcs,</em></strong></span> <span class='ocrx_word' id='word_1_60' title='bbox 529 910 593 979; x_wconf 91' lang='lat' dir='ltr'><strong><em>qsriu</em></strong></span> <span class='ocrx_word' id='word_1_61' title='bbox 605 909 716 964; x_wconf 80' lang='lat' dir='ltr'><strong><em>colimus</em></strong></span> <span class='ocrx_word' id='word_1_62' title='bbox 732 924 792 963; x_wconf 85' lang='lat' dir='ltr'><strong><em>curn</em></strong></span> <span class='ocrx_word' id='word_1_63' title='bbox 814 923 918 963; x_wconf 83' lang='lat' dir='ltr'><strong><em>uomere</em></strong></span> 
     </span>
     <span class='ocr_line' id='line_1_10' title="bbox 126 991 917 1078; baseline -0.01 -18"><span class='ocrx_word' id='word_1_64' title='bbox 126 1005 336 1078; x_wconf 78' lang='lat' dir='ltr'><strong><em>praedicationis,</em></strong></span> <span class='ocrx_word' id='word_1_65' title='bbox 354 1004 436 1059; x_wconf 86' lang='lat' dir='ltr'><strong><em>corda</em></strong></span> <span class='ocrx_word' id='word_1_66' title='bbox 449 1003 507 1072; x_wconf 79' lang='lat' dir='ltr'><strong><em>ejus</em></strong></span> <span class='ocrx_word' id='word_1_67' title='bbox 521 1002 556 1056; x_wconf 89' lang='lat' dir='ltr'><strong><em>ad</em></strong></span> <span class='ocrx_word' id='word_1_68' title='bbox 568 991 649 1072; x_wconf 71' lang='lat' dir='ltr'><strong><em>fidem</em></strong></span> <span class='ocrx_word' id='word_1_69' title='bbox 662 1001 819 1070; x_wconf 87' lang='lat' dir='ltr'><strong><em>aperientes,</em></strong></span> <span class='ocrx_word' id='word_1_70' title='bbox 831 999 854 1053; x_wconf 91' lang='lat' dir='ltr'><strong><em>si</em></strong></span> <span class='ocrx_word' id='word_1_71' title='bbox 865 1014 917 1053; x_wconf 93' lang='lat' dir='ltr'><strong><em>non</em></strong></span> 
     </span>
     <span class='ocr_line' id='line_1_11' title="bbox 127 1091 916 1166; baseline -0.013 -12"><span class='ocrx_word' id='word_1_72' title='bbox 127 1097 208 1154; x_wconf 83' lang='lat' dir='ltr'><strong><em>neritis</em></strong></span> <span class='ocrx_word' id='word_1_73' title='bbox 218 1096 314 1162; x_wconf 87' lang='lat' dir='ltr'><strong><em>sinere,</em></strong></span> <span class='ocrx_word' id='word_1_74' title='bbox 329 1095 369 1150; x_wconf 83' lang='lat' dir='ltr'><strong><em>nel</em></strong></span> <span class='ocrx_word' id='word_1_75' title='bbox 381 1096 522 1166; x_wconf 86' lang='lat' dir='ltr'><strong><em>patiamini</em></strong></span> <span class='ocrx_word' id='word_1_76' title='bbox 535 1093 610 1148; x_wconf 85' lang='lat' dir='ltr'><strong><em>nolrie</em></strong></span> <span class='ocrx_word' id='word_1_77' title='bbox 630 1109 689 1148; x_wconf 87' lang='lat' dir='ltr'><strong><em>eum</em></strong></span> <span class='ocrx_word' id='word_1_78' title='bbox 703 1091 875 1162; x_wconf 65' lang='lat' dir='ltr'><strong><em>fructificare,</em></strong></span> <span class='ocrx_word' id='word_1_79' title='bbox 890 1101 916 1144; x_wconf 90' lang='lat' dir='ltr'><strong><em>ct</em></strong></span> 
     </span>
     <span class='ocr_line' id='line_1_12' title="bbox 129 1184 917 1258; baseline -0.008 -15"><span class='ocrx_word' id='word_1_80' title='bbox 129 1187 222 1258; x_wconf 89' lang='lat' dir='ltr'><strong><em>qstulia</em></strong></span> <span class='ocrx_word' id='word_1_81' title='bbox 245 1187 317 1242; x_wconf 85' lang='lat' dir='ltr'><strong><em>ruiis</em></strong></span> <span class='ocrx_word' id='word_1_82' title='bbox 331 1186 391 1257; x_wconf 73' lang='lat' dir='ltr'><strong><em>fieri</em></strong></span> <span class='ocrx_word' id='word_1_83' title='bbox 410 1203 463 1242; x_wconf 92' lang='grc' dir='ltr'><strong><em>παπ</em></strong></span> <span class='ocrx_word' id='word_1_84' title='bbox 475 1186 552 1242; x_wconf 86' lang='lat' dir='ltr'><strong><em>uultis</em></strong></span> <span class='ocrx_word' id='word_1_85' title='bbox 565 1184 640 1243; x_wconf 85' lang='lat' dir='ltr'><strong><em>nolis</em></strong></span> <span class='ocrx_word' id='word_1_86' title='bbox 653 1186 751 1258; x_wconf 73' lang='lat' dir='ltr'><strong><em>inferre</em></strong></span> <span class='ocrx_word' id='word_1_87' title='bbox 763 1192 860 1248; x_wconf 84' lang='lat' dir='ltr'><strong><em>cauete,</em></strong></span> <span class='ocrx_word' id='word_1_88' title='bbox 874 1200 917 1246; x_wconf 85' lang='lat' dir='ltr'><strong><em>ne,</em></strong></span> 
     </span>
     <span class='ocr_line' id='line_1_13' title="bbox 127 1276 917 1350; baseline -0.011 -16"><span class='ocrx_word' id='word_1_89' title='bbox 127 1279 150 1334; x_wconf 84' lang='lat' dir='ltr'><strong><em>ei</em></strong></span> <span class='ocrx_word' id='word_1_90' title='bbox 160 1279 268 1350; x_wconf 83' lang='lat' dir='ltr'><strong><em>perqitis</em></strong></span> <span class='ocrx_word' id='word_1_91' title='bbox 278 1279 366 1333; x_wconf 78' lang='lat' dir='ltr'><strong><em>dicere</em></strong></span> <span class='ocrx_word' id='word_1_92' title='bbox 377 1293 436 1349; x_wconf 88' lang='lat' dir='ltr'><strong><em>quoe</em></strong></span> <span class='ocrx_word' id='word_1_93' title='bbox 449 1278 547 1345; x_wconf 83' lang='lat' dir='ltr'><strong><em>uultir,</em></strong></span> <span class='ocrx_word' id='word_1_94' title='bbox 560 1278 746 1348; x_wconf 87' lang='lat' dir='ltr'><strong><em>audiatisqnse</em></strong></span> <span class='ocrx_word' id='word_1_95' title='bbox 760 1292 813 1331; x_wconf 91' lang='lat' dir='ltr'><strong><em>non</em></strong></span> <span class='ocrx_word' id='word_1_96' title='bbox 823 1276 917 1330; x_wconf 81' lang='lat' dir='ltr'><strong><em>uultis.</em></strong></span> 
     </span>
     <span class='ocr_line' id='line_1_14' title="bbox 131 1368 918 1446; baseline -0.01 -17"><span class='ocrx_word' id='word_1_97' title='bbox 131 1385 144 1405; x_wconf 92' lang='lat'><strong>·</strong></span> <span class='ocrx_word' id='word_1_98' title='bbox 162 1372 196 1428; x_wconf 80' lang='lat' dir='ltr'><strong><em>itt</em></strong></span> <span class='ocrx_word' id='word_1_99' title='bbox 211 1372 288 1430; x_wconf 79' lang='lat' dir='ltr'><strong><em>Pure.</em></strong></span> <span class='ocrx_word' id='word_1_100' title='bbox 311 1373 326 1446; x_wconf 70' lang='grc'>5</span> <span class='ocrx_word' id='word_1_101' title='bbox 340 1373 368 1430; x_wconf 84' lang='grc'><strong><em>9.</em></strong></span> <span class='ocrx_word' id='word_1_102' title='bbox 389 1373 432 1428; x_wconf 83' lang='lat' dir='ltr'><strong><em>Ad</em></strong></span> <span class='ocrx_word' id='word_1_103' title='bbox 445 1382 501 1428; x_wconf 74' lang='lat' dir='ltr'><strong><em>tone</em></strong></span> <span class='ocrx_word' id='word_1_104' title='bbox 516 1388 526 1426; x_wconf 90' lang='lat'>:</span> <span class='ocrx_word' id='word_1_105' title='bbox 539 1370 644 1426; x_wconf 83' lang='lat' dir='ltr'><strong><em>Callida</em></strong></span> <span class='ocrx_word' id='word_1_106' title='bbox 663 1372 769 1442; x_wconf 87' lang='lat' dir='ltr'><strong><em>quidem</em></strong></span> <span class='ocrx_word' id='word_1_107' title='bbox 785 1379 810 1424; x_wconf 92' lang='lat' dir='ltr'><strong><em>et</em></strong></span> <span class='ocrx_word' id='word_1_108' title='bbox 831 1368 918 1424; x_wconf 89' lang='lat' dir='ltr'><strong><em>multi-</em></strong></span> 
     </span>
     <span class='ocr_line' id='line_1_15' title="bbox 129 1461 915 1536; baseline -0.004 -18"><span class='ocrx_word' id='word_1_109' title='bbox 129 1464 192 1536; x_wconf 84' lang='lat' dir='ltr'><strong><em>pliai</em></strong></span> <span class='ocrx_word' id='word_1_110' title='bbox 206 1467 433 1536; x_wconf 65' lang='lat' dir='ltr'><strong><em>aemulatione</em></strong></span> <span class='ocrx_word' id='word_1_111' title='bbox 442 1465 508 1536; x_wconf 76' lang='lat' dir='ltr'><strong><em>juro</em></strong></span> <span class='ocrx_word' id='word_1_112' title='bbox 524 1475 615 1520; x_wconf 84' lang='lat' dir='ltr'><strong><em>nostru</em></strong></span> <span class='ocrx_word' id='word_1_113' title='bbox 630 1463 737 1532; x_wconf 76' lang='lat' dir='ltr'><strong><em>oslcrre</em></strong></span> <span class='ocrx_word' id='word_1_114' title='bbox 750 1461 915 1527; x_wconf 71' lang='lat' dir='ltr'><strong><em>contenditis,</em></strong></span> 
     </span>
     <span class='ocr_line' id='line_1_16' title="bbox 128 1556 917 1628; baseline -0.008 -14"><span class='ocrx_word' id='word_1_115' title='bbox 128 1559 168 1614; x_wconf 88' lang='lat' dir='ltr'><strong><em>itu</em></strong></span> <span class='ocrx_word' id='word_1_116' title='bbox 178 1567 220 1624; x_wconf 80' lang='lat' dir='ltr'><strong><em>ut,</em></strong></span> <span class='ocrx_word' id='word_1_117' title='bbox 233 1559 258 1615; x_wconf 91' lang='lat' dir='ltr'><strong><em>si</em></strong></span> <span class='ocrx_word' id='word_1_118' title='bbox 274 1559 342 1628; x_wconf 70' lang='lat' dir='ltr'><strong><em>tides</em></strong></span> <span class='ocrx_word' id='word_1_119' title='bbox 353 1558 436 1613; x_wconf 84' lang='lat' dir='ltr'><strong><em>nerlris</em></strong></span> <span class='ocrx_word' id='word_1_120' title='bbox 448 1556 628 1621; x_wconf 71' lang='lat' dir='ltr'><strong><em>adhiberetur,</em></strong></span> <span class='ocrx_word' id='word_1_121' title='bbox 642 1571 693 1611; x_wconf 88' lang='grc' dir='ltr'><strong><em>παπ</em></strong></span> <span class='ocrx_word' id='word_1_122' title='bbox 710 1556 789 1610; x_wconf 85' lang='lat' dir='ltr'><strong><em>ucria</em></strong></span> <span class='ocrx_word' id='word_1_123' title='bbox 800 1570 848 1625; x_wconf 88' lang='lat' dir='ltr'><strong><em>pra</em></strong></span> <span class='ocrx_word' id='word_1_124' title='bbox 861 1569 917 1608; x_wconf 89' lang='lat' dir='ltr'><strong><em>oer-</em></strong></span> 
     </span>
     <span class='ocr_line' id='line_1_17' title="bbox 128 1641 916 1718; baseline -0.01 -15"><span class='ocrx_word' id='word_1_125' title='bbox 128 1648 180 1713; x_wconf 85' lang='lat' dir='ltr'><strong><em>lris,</em></strong></span> <span class='ocrx_word' id='word_1_126' title='bbox 190 1646 236 1702; x_wconf 89' lang='lat' dir='ltr'><strong><em>sed</em></strong></span> <span class='ocrx_word' id='word_1_127' title='bbox 251 1663 291 1702; x_wconf 90' lang='lat' dir='ltr'><strong><em>res</em></strong></span> <span class='ocrx_word' id='word_1_128' title='bbox 303 1663 351 1718; x_wconf 88' lang='lat' dir='ltr'><strong><em>pro</em></strong></span> <span class='ocrx_word' id='word_1_129' title='bbox 366 1646 448 1702; x_wconf 82' lang='lat' dir='ltr'><strong><em>retiis</em></strong></span> <span class='ocrx_word' id='word_1_130' title='bbox 459 1645 639 1716; x_wconf 86' lang='lat' dir='ltr'><strong><em>reportaretis.</em></strong></span> <span class='ocrx_word' id='word_1_131' title='bbox 650 1641 713 1708; x_wconf 87' lang='lat' dir='ltr'><strong><em>Sed,</em></strong></span> <span class='ocrx_word' id='word_1_132' title='bbox 725 1642 780 1697; x_wconf 73' lang='lat' dir='ltr'><strong><em>aaa</em></strong></span> <span class='ocrx_word' id='word_1_133' title='bbox 790 1643 916 1713; x_wconf 89' lang='lat' dir='ltr'><strong><em>propitio,</em></strong></span> 
     </span>
     <span class='ocr_line' id='line_1_18' title="bbox 128 1734 914 1807; baseline -0.009 -14"><span class='ocrx_word' id='word_1_134' title='bbox 128 1739 153 1794; x_wconf 86' lang='lat' dir='ltr'><strong><em>si</em></strong></span> <span class='ocrx_word' id='word_1_135' title='bbox 165 1739 243 1793; x_wconf 83' lang='lat' dir='ltr'><strong><em>seria</em></strong></span> <span class='ocrx_word' id='word_1_136' title='bbox 262 1737 383 1805; x_wconf 88' lang='lat' dir='ltr'><strong><em>dedistis,</em></strong></span> <span class='ocrx_word' id='word_1_137' title='bbox 395 1738 472 1792; x_wconf 87' lang='lat' dir='ltr'><strong><em>serio</em></strong></span> <span class='ocrx_word' id='word_1_138' title='bbox 491 1735 630 1804; x_wconf 85' lang='lat' dir='ltr'><strong><em>recipietis.</em></strong></span> <span class='ocrx_word' id='word_1_139' title='bbox 642 1734 657 1807; x_wconf 70' lang='lat'><strong>5</strong></span> <span class='ocrx_word' id='word_1_140' title='bbox 669 1734 713 1789; x_wconf 88' lang='lat' dir='ltr'><strong><em>to.</em></strong></span> <span class='ocrx_word' id='word_1_141' title='bbox 724 1734 844 1805; x_wconf 79' lang='lat' dir='ltr'><strong><em>Arquitis</em></strong></span> <span class='ocrx_word' id='word_1_142' title='bbox 857 1749 914 1798; x_wconf 85' lang='lat' dir='ltr'><strong><em>noe,</em></strong></span> 
     </span>
    </p>
   </div>
   <div class='ocr_carea' id='block_1_6' title="bbox 965 537 1779 1814">
    <p class='ocr_par' dir='ltr' id='par_1_6' title="bbox 965 537 1779 1814">
     <span class='ocr_line' id='line_1_19' title="bbox 969 537 1750 615; baseline 0.006 -21"><span class='ocrx_word' id='word_1_143' title='bbox 969 540 1048 613; x_wconf 68' lang='lat' dir='ltr'><strong><em>qia.</em></strong></span> <span class='ocrx_word' id='word_1_144' title='bbox 1075 537 1108 594; x_wconf 83' lang='lat' dir='ltr'><strong><em>Ut</em></strong></span> <span class='ocrx_word' id='word_1_145' title='bbox 1139 549 1225 596; x_wconf 85' lang='lat' dir='ltr'><strong><em>autern</em></strong></span> <span class='ocrx_word' id='word_1_146' title='bbox 1251 540 1433 594; x_wconf 86' lang='lat' dir='ltr'><strong><em>uniuersaliter</em></strong></span> <span class='ocrx_word' id='word_1_147' title='bbox 1461 543 1549 597; x_wconf 88' lang='lat' dir='ltr'><strong><em>onrnia</em></strong></span> <span class='ocrx_word' id='word_1_148' title='bbox 1571 543 1750 615; x_wconf 90' lang='lat' dir='ltr'><strong><em>colliqantur,</em></strong></span> 
     </span>
     <span class='ocr_line' id='line_1_20' title="bbox 967 629 1754 702; baseline 0.009 -16"><span class='ocrx_word' id='word_1_149' title='bbox 967 641 1074 698; x_wconf 87' lang='lat' dir='ltr'><strong><em>cuncta,</em></strong></span> <span class='ocrx_word' id='word_1_150' title='bbox 1085 648 1144 702; x_wconf 81' lang='lat' dir='ltr'><strong><em>quae</em></strong></span> <span class='ocrx_word' id='word_1_151' title='bbox 1155 646 1202 701; x_wconf 91' lang='lat' dir='ltr'><strong><em>pro</em></strong></span> <span class='ocrx_word' id='word_1_152' title='bbox 1213 631 1286 684; x_wconf 79' lang='lat' dir='ltr'><strong><em>soils</em></strong></span> <span class='ocrx_word' id='word_1_153' title='bbox 1297 629 1406 686; x_wconf 87' lang='lat' dir='ltr'><strong><em>inducta</em></strong></span> <span class='ocrx_word' id='word_1_154' title='bbox 1419 643 1491 696; x_wconf 93' lang='lat' dir='ltr'><strong><em>sunt,</em></strong></span> <span class='ocrx_word' id='word_1_155' title='bbox 1504 635 1556 688; x_wconf 83' lang='lat' dir='ltr'><strong><em>eine</em></strong></span> <span class='ocrx_word' id='word_1_156' title='bbox 1569 636 1602 689; x_wconf 88' lang='lat' dir='ltr'><strong><em>de</em></strong></span> <span class='ocrx_word' id='word_1_157' title='bbox 1617 634 1754 693; x_wconf 78' lang='lat' dir='ltr'><strong><em>laborante</em></strong></span> 
     </span>
     <span class='ocr_line' id='line_1_21' title="bbox 966 721 1754 799; baseline 0.006 -24"><span class='ocrx_word' id='word_1_158' title='bbox 966 721 1095 799; x_wconf 84' lang='lat' dir='ltr'><strong><em>aqrieela,</em></strong></span> <span class='ocrx_word' id='word_1_159' title='bbox 1111 725 1165 776; x_wconf 87' lang='lat' dir='ltr'><strong><em>eine</em></strong></span> <span class='ocrx_word' id='word_1_160' title='bbox 1181 721 1213 774; x_wconf 92' lang='lat' dir='ltr'><strong><em>de</em></strong></span> <span class='ocrx_word' id='word_1_161' title='bbox 1225 735 1267 786; x_wconf 88' lang='lat' dir='ltr'><strong><em>eo,</em></strong></span> <span class='ocrx_word' id='word_1_162' title='bbox 1282 721 1327 792; x_wconf 89' lang='lat' dir='ltr'><strong><em>qni</em></strong></span> <span class='ocrx_word' id='word_1_163' title='bbox 1345 723 1400 775; x_wconf 89' lang='lat' dir='ltr'><strong><em>suis</em></strong></span> <span class='ocrx_word' id='word_1_164' title='bbox 1415 721 1550 791; x_wconf 86' lang='lat' dir='ltr'><strong><em>stipendiis</em></strong></span> <span class='ocrx_word' id='word_1_165' title='bbox 1570 739 1621 778; x_wconf 90' lang='lat' dir='ltr'><strong><em>non</em></strong></span> <span class='ocrx_word' id='word_1_166' title='bbox 1644 724 1754 790; x_wconf 88' lang='lat' dir='ltr'><strong><em>militat,</em></strong></span> 
     </span>
     <span class='ocr_line' id='line_1_22' title="bbox 967 811 1757 888; baseline 0.009 -23"><span class='ocrx_word' id='word_1_167' title='bbox 967 812 1003 866; x_wconf 87' lang='lat' dir='ltr'><strong><em>od</em></strong></span> <span class='ocrx_word' id='word_1_168' title='bbox 1017 812 1087 866; x_wconf 79' lang='lat' dir='ltr'><strong><em>laune</em></strong></span> <span class='ocrx_word' id='word_1_169' title='bbox 1103 811 1244 867; x_wconf 82' lang='lat' dir='ltr'><strong><em>articulum</em></strong></span> <span class='ocrx_word' id='word_1_170' title='bbox 1260 811 1413 882; x_wconf 78' lang='lat' dir='ltr'><strong><em>deserimus,</em></strong></span> <span class='ocrx_word' id='word_1_171' title='bbox 1430 823 1457 866; x_wconf 88' lang='lat' dir='ltr'><strong><em>ut</em></strong></span> <span class='ocrx_word' id='word_1_172' title='bbox 1470 814 1585 886; x_wconf 73' lang='lat' dir='ltr'><strong><em>[ructum</em></strong></span> <span class='ocrx_word' id='word_1_173' title='bbox 1602 817 1680 871; x_wconf 88' lang='lat' dir='ltr'><strong><em>uestri</em></strong></span> <span class='ocrx_word' id='word_1_174' title='bbox 1696 834 1757 888; x_wconf 87' lang='lat' dir='ltr'><strong><em>ope·</em></strong></span> 
     </span>
     <span class='ocr_line' id='line_1_23' title="bbox 967 903 1779 975; baseline 0.007 -20"><span class='ocrx_word' id='word_1_175' title='bbox 967 903 1013 964; x_wconf 87' lang='lat' dir='ltr'><strong><em>ris,</em></strong></span> <span class='ocrx_word' id='word_1_176' title='bbox 1026 918 1101 974; x_wconf 88' lang='lat' dir='ltr'><strong><em>quem</em></strong></span> <span class='ocrx_word' id='word_1_177' title='bbox 1115 905 1181 958; x_wconf 91' lang='lat' dir='ltr'><strong><em>adeo</em></strong></span> <span class='ocrx_word' id='word_1_178' title='bbox 1195 904 1308 975; x_wconf 89' lang='lat' dir='ltr'><strong><em>recipere</em></strong></span> <span class='ocrx_word' id='word_1_179' title='bbox 1319 904 1485 970; x_wconf 87' lang='lat' dir='ltr'><strong><em>contenditis,</em></strong></span> <span class='ocrx_word' id='word_1_180' title='bbox 1499 905 1525 960; x_wconf 91' lang='lat' dir='ltr'><strong><em>in</em></strong></span> <span class='ocrx_word' id='word_1_181' title='bbox 1540 905 1717 963; x_wconf 79' lang='lat' dir='ltr'><strong><em>oblationibus</em></strong></span> <span class='ocrx_word' id='word_1_182' title='bbox 1731 917 1757 962; x_wconf 90' lang='lat' dir='ltr'><strong><em>et</em></strong></span> <span class='ocrx_word' id='word_1_183' title='bbox 1775 921 1779 928; x_wconf 84' lang='grc'><strong>’</strong></span> 
     </span>
     <span class='ocr_line' id='line_1_24' title="bbox 968 994 1755 1068; baseline 0.014 -21"><span class='ocrx_word' id='word_1_184' title='bbox 968 994 1131 1064; x_wconf 76' lang='lat' dir='ltr'><strong><em>quotidianis</em></strong></span> <span class='ocrx_word' id='word_1_185' title='bbox 1147 995 1276 1068; x_wconf 85' lang='lat' dir='ltr'><strong><em>oistqniie</em></strong></span> <span class='ocrx_word' id='word_1_186' title='bbox 1291 999 1402 1052; x_wconf 88' lang='lat' dir='ltr'><strong><em>istorum</em></strong></span> <span class='ocrx_word' id='word_1_187' title='bbox 1413 998 1556 1066; x_wconf 88' lang='lat' dir='ltr'><strong><em>recipiatis,</em></strong></span> <span class='ocrx_word' id='word_1_188' title='bbox 1571 999 1755 1058; x_wconf 85' lang='lat' dir='ltr'><strong><em>decimationes</em></strong></span> 
     </span>
     <span class='ocr_line' id='line_1_25' title="bbox 968 1097 1756 1166; baseline 0.006 -17"><span class='ocrx_word' id='word_1_189' title='bbox 968 1109 1029 1149; x_wconf 90' lang='lat' dir='ltr'><strong><em>nero</em></strong></span> <span class='ocrx_word' id='word_1_190' title='bbox 1050 1111 1151 1162; x_wconf 90' lang='lat' dir='ltr'><strong><em>eorum,</em></strong></span> <span class='ocrx_word' id='word_1_191' title='bbox 1174 1111 1234 1166; x_wconf 81' lang='lat' dir='ltr'><strong><em>quae</em></strong></span> <span class='ocrx_word' id='word_1_192' title='bbox 1252 1097 1326 1152; x_wconf 80' lang='lat' dir='ltr'><strong><em>nolis</em></strong></span> <span class='ocrx_word' id='word_1_193' title='bbox 1343 1097 1478 1161; x_wconf 83' lang='lat' dir='ltr'><strong><em>deleretur,</em></strong></span> <span class='ocrx_word' id='word_1_194' title='bbox 1500 1099 1612 1152; x_wconf 78' lang='lat' dir='ltr'><strong><em>indoctae</em></strong></span> <span class='ocrx_word' id='word_1_195' title='bbox 1626 1099 1700 1153; x_wconf 81' lang='lat' dir='ltr'><strong><em>nolis</em></strong></span> <span class='ocrx_word' id='word_1_196' title='bbox 1714 1115 1756 1154; x_wconf 86' lang='lat' dir='ltr'><strong><em>re·</em></strong></span> 
     </span>
     <span class='ocr_line' id='line_1_26' title="bbox 965 1182 1753 1258; baseline 0.014 -24"><span class='ocrx_word' id='word_1_197' title='bbox 965 1182 1086 1254; x_wconf 76' lang='lat' dir='ltr'><strong><em>linquite,</em></strong></span> <span class='ocrx_word' id='word_1_198' title='bbox 1108 1201 1150 1250; x_wconf 87' lang='lat' dir='ltr'><strong><em>ne,</em></strong></span> <span class='ocrx_word' id='word_1_199' title='bbox 1173 1186 1236 1242; x_wconf 86' lang='lat' dir='ltr'><strong><em>dem</em></strong></span> <span class='ocrx_word' id='word_1_200' title='bbox 1260 1187 1378 1258; x_wconf 84' lang='lat' dir='ltr'><strong><em>quaeritis</em></strong></span> <span class='ocrx_word' id='word_1_201' title='bbox 1398 1203 1528 1257; x_wconf 85' lang='lat' dir='ltr'><strong><em>usurpare</em></strong></span> <span class='ocrx_word' id='word_1_202' title='bbox 1543 1189 1614 1258; x_wconf 88' lang='lat' dir='ltr'><strong><em>quod</em></strong></span> <span class='ocrx_word' id='word_1_203' title='bbox 1640 1200 1753 1245; x_wconf 87' lang='lat' dir='ltr'><strong><em>uestrum</em></strong></span> 
     </span>
     <span class='ocr_line' id='line_1_27' title="bbox 967 1275 1755 1351; baseline 0.01 -25"><span class='ocrx_word' id='word_1_204' title='bbox 967 1282 1084 1339; x_wconf 87' lang='lat' dir='ltr'><strong><em>nonest,</em></strong></span> <span class='ocrx_word' id='word_1_205' title='bbox 1101 1275 1177 1343; x_wconf 78' lang='lat' dir='ltr'><strong><em>justa</em></strong></span> <span class='ocrx_word' id='word_1_206' title='bbox 1200 1275 1426 1332; x_wconf 84' lang='lat' dir='ltr'><strong><em>animaduersione</em></strong></span> <span class='ocrx_word' id='word_1_207' title='bbox 1445 1278 1524 1331; x_wconf 86' lang='lat' dir='ltr'><strong><em>etiam</em></strong></span> <span class='ocrx_word' id='word_1_208' title='bbox 1542 1278 1609 1332; x_wconf 91' lang='lat' dir='ltr'><strong><em>illud</em></strong></span> <span class='ocrx_word' id='word_1_209' title='bbox 1625 1282 1755 1351; x_wconf 87' lang='lat' dir='ltr'><strong><em>caqatnini</em></strong></span> 
     </span>
     <span class='ocr_line' id='line_1_28' title="bbox 967 1367 1757 1442; baseline 0.014 -24"><span class='ocrx_word' id='word_1_210' title='bbox 967 1367 1098 1428; x_wconf 86' lang='lat' dir='ltr'><strong><em>amittere,</em></strong></span> <span class='ocrx_word' id='word_1_211' title='bbox 1115 1369 1184 1437; x_wconf 82' lang='lat' dir='ltr'><strong><em>qnod</em></strong></span> <span class='ocrx_word' id='word_1_212' title='bbox 1205 1369 1275 1423; x_wconf 88' lang='lat' dir='ltr'><strong><em>ooiis</em></strong></span> <span class='ocrx_word' id='word_1_213' title='bbox 1291 1368 1380 1438; x_wconf 88' lang='lat' dir='ltr'><strong><em>aliquo</em></strong></span> <span class='ocrx_word' id='word_1_214' title='bbox 1400 1373 1478 1424; x_wconf 88' lang='lat' dir='ltr'><strong><em>modo</em></strong></span> <span class='ocrx_word' id='word_1_215' title='bbox 1494 1372 1632 1426; x_wconf 76' lang='lat' dir='ltr'><strong><em>uidebatur</em></strong></span> <span class='ocrx_word' id='word_1_216' title='bbox 1653 1388 1757 1442; x_wconf 82' lang='lat' dir='ltr'><strong><em>compe-</em></strong></span> 
     </span>
     <span class='ocr_line' id='line_1_29' title="bbox 966 1456 1755 1536; baseline 0.019 -29"><span class='ocrx_word' id='word_1_217' title='bbox 966 1463 1033 1511; x_wconf 86' lang='lat' dir='ltr'><strong><em>tere.</em></strong></span> <span class='ocrx_word' id='word_1_218' title='bbox 1048 1456 1062 1529; x_wconf 69' lang='lat'><strong>5</strong></span> <span class='ocrx_word' id='word_1_219' title='bbox 1077 1456 1121 1512; x_wconf 76' lang='lat' dir='ltr'><strong><em>ta.</em></strong></span> <span class='ocrx_word' id='word_1_220' title='bbox 1140 1456 1217 1524; x_wconf 85' lang='lat' dir='ltr'><strong><em>Quod</em></strong></span> <span class='ocrx_word' id='word_1_221' title='bbox 1234 1471 1323 1514; x_wconf 87' lang='lat' dir='ltr'><strong><em>aurem</em></strong></span> <span class='ocrx_word' id='word_1_222' title='bbox 1334 1463 1391 1516; x_wconf 81' lang='lat' dir='ltr'><strong><em>lotae</em></strong></span> <span class='ocrx_word' id='word_1_223' title='bbox 1406 1463 1592 1519; x_wconf 85' lang='lat' dir='ltr'><strong><em>decimationes</em></strong></span> <span class='ocrx_word' id='word_1_224' title='bbox 1605 1465 1679 1522; x_wconf 89' lang='lat' dir='ltr'><strong><em>nulla</em></strong></span> <span class='ocrx_word' id='word_1_225' title='bbox 1692 1467 1755 1536; x_wconf 74' lang='lat' dir='ltr'><strong><em>jure</em></strong></span> 
     </span>
     <span class='ocr_line' id='line_1_30' title="bbox 967 1550 1756 1624; baseline 0.013 -17"><span class='ocrx_word' id='word_1_226' title='bbox 967 1550 1039 1607; x_wconf 84' lang='lat' dir='ltr'><strong><em>eolis</em></strong></span> <span class='ocrx_word' id='word_1_227' title='bbox 1063 1553 1217 1619; x_wconf 82' lang='lat' dir='ltr'><strong><em>deleantur,</em></strong></span> <span class='ocrx_word' id='word_1_228' title='bbox 1244 1553 1323 1622; x_wconf 78' lang='lat' dir='ltr'><strong><em>{anile</em></strong></span> <span class='ocrx_word' id='word_1_229' title='bbox 1345 1555 1496 1624; x_wconf 78' lang='lat' dir='ltr'><strong><em>probamus.</em></strong></span> <span class='ocrx_word' id='word_1_230' title='bbox 1518 1554 1624 1612; x_wconf 85' lang='lat' dir='ltr'><strong><em>llicitnr</em></strong></span> <span class='ocrx_word' id='word_1_231' title='bbox 1644 1560 1756 1617; x_wconf 81' lang='lat' dir='ltr'><strong><em>enimin</em></strong></span> 
     </span>
     <span class='ocr_line' id='line_1_31' title="bbox 966 1646 1757 1722; baseline 0.014 -23"><span class='ocrx_word' id='word_1_232' title='bbox 966 1646 1082 1715; x_wconf 80' lang='lat' dir='ltr'><strong><em>quodem</em></strong></span> <span class='ocrx_word' id='word_1_233' title='bbox 1096 1647 1229 1704; x_wconf 89' lang='lat' dir='ltr'><strong><em>concilio:</em></strong></span> <span class='ocrx_word' id='word_1_234' title='bbox 1245 1647 1274 1704; x_wconf 89' lang='lat' dir='ltr'><strong><em>Si</em></strong></span> <span class='ocrx_word' id='word_1_235' title='bbox 1288 1649 1379 1720; x_wconf 76' lang='lat' dir='ltr'><strong><em>”quie</em></strong></span> <span class='ocrx_word' id='word_1_236' title='bbox 1394 1651 1491 1716; x_wconf 77' lang='lat' dir='ltr'><strong><em>laicus,</em></strong></span> <span class='ocrx_word' id='word_1_237' title='bbox 1502 1652 1543 1708; x_wconf 84' lang='lat' dir='ltr'><strong><em>rel</em></strong></span> <span class='ocrx_word' id='word_1_238' title='bbox 1561 1652 1686 1722; x_wconf 85' lang='lat' dir='ltr'><strong><em>elericos,</em></strong></span> <span class='ocrx_word' id='word_1_239' title='bbox 1699 1657 1757 1712; x_wconf 86' lang='lat' dir='ltr'><strong><em>sire</em></strong></span> 
     </span>
     <span class='ocr_line' id='line_1_32' title="bbox 968 1739 1755 1814; baseline 0.018 -22"><span class='ocrx_word' id='word_1_240' title='bbox 968 1739 1111 1809; x_wconf 86' lang='lat' dir='ltr'><strong><em>utriusque</em></strong></span> <span class='ocrx_word' id='word_1_241' title='bbox 1136 1756 1202 1796; x_wconf 82' lang='lat' dir='ltr'><strong><em>sesa</em></strong></span> <span class='ocrx_word' id='word_1_242' title='bbox 1218 1755 1335 1810; x_wconf 80' lang='lat' dir='ltr'><strong><em>persons</em></strong></span> <span class='ocrx_word' id='word_1_243' title='bbox 1356 1743 1531 1814; x_wconf 80' lang='lat' dir='ltr'><strong><em>proprietatis</em></strong></span> <span class='ocrx_word' id='word_1_244' title='bbox 1543 1761 1600 1802; x_wconf 76' lang='lat' dir='ltr'><strong><em>strue</em></strong></span> <span class='ocrx_word' id='word_1_245' title='bbox 1612 1746 1683 1814; x_wconf 83' lang='lat' dir='ltr'><strong><em>loen,</em></strong></span> <span class='ocrx_word' id='word_1_246' title='bbox 1700 1757 1755 1806; x_wconf 87' lang='lat' dir='ltr'><strong><em>eie.</em></strong></span> 
     </span>
    </p>
   </div>
   <div class='ocr_carea' id='block_1_7' title="bbox 59 1816 1761 5016">
    <p class='ocr_par' dir='ltr' id='par_1_7' title="bbox 127 1816 1760 2906">
     <span class='ocr_line' id='line_1_33' title="bbox 127 1816 1759 1904; baseline 0.006 -17"><span class='ocrx_word' id='word_1_247' title='bbox 127 1833 199 1904; x_wconf 88' lang='lat' dir='ltr'><strong><em>qnod</em></strong></span> <span class='ocrx_word' id='word_1_248' title='bbox 212 1848 256 1898; x_wconf 91' lang='lat' dir='ltr'><strong><em>eu,</em></strong></span> <span class='ocrx_word' id='word_1_249' title='bbox 280 1846 338 1902; x_wconf 86' lang='lat' dir='ltr'><strong><em>quae</em></strong></span> <span class='ocrx_word' id='word_1_250' title='bbox 358 1831 430 1884; x_wconf 83' lang='lat' dir='ltr'><strong><em>rotis</em></strong></span> <span class='ocrx_word' id='word_1_251' title='bbox 450 1829 589 1894; x_wconf 79' lang='lat' dir='ltr'><strong><em>deleamur,</em></strong></span> <span class='ocrx_word' id='word_1_252' title='bbox 610 1826 744 1895; x_wconf 87' lang='lat' dir='ltr'><strong><em>sulrripere</em></strong></span> <span class='ocrx_word' id='word_1_253' title='bbox 764 1826 916 1896; x_wconf 78' lang='lat' dir='ltr'><strong><em>quaerimus,</em></strong></span> <span class='ocrx_word' id='word_1_254' title='bbox 933 1816 1036 1882; x_wconf 85' lang='lat' dir='ltr'><strong><em>Bsr&#39;cor</em></strong></span> <span class='ocrx_word' id='word_1_255' title='bbox 1051 1830 1079 1883; x_wconf 91' lang='lat' dir='ltr'><strong><em>iu</em></strong></span> <span class='ocrx_word' id='word_1_256' title='bbox 1100 1832 1190 1884; x_wconf 87' lang='lat' dir='ltr'><strong><em>eodem</em></strong></span> <span class='ocrx_word' id='word_1_257' title='bbox 1205 1829 1320 1898; x_wconf 85' lang='lat' dir='ltr'><strong><em>capitulo</em></strong></span> <span class='ocrx_word' id='word_1_258' title='bbox 1342 1834 1370 1888; x_wconf 90' lang='lat' dir='ltr'><strong><em>irs</em></strong></span> <span class='ocrx_word' id='word_1_259' title='bbox 1396 1851 1478 1890; x_wconf 85' lang='lat' dir='ltr'><strong><em>caasa</em></strong></span> <span class='ocrx_word' id='word_1_260' title='bbox 1498 1839 1686 1894; x_wconf 84' lang='lat' dir='ltr'><strong><em>monaelrorsrtrs</em></strong></span> <span class='ocrx_word' id='word_1_261' title='bbox 1708 1855 1759 1896; x_wconf 85' lang='lat' dir='ltr'><strong><em>ua·</em></strong></span> 
     </span>
     <span class='ocr_line' id='line_1_34' title="bbox 128 1915 1758 1997; baseline 0.005 -19"><span class='ocrx_word' id='word_1_262' title='bbox 128 1925 295 1995; x_wconf 85' lang='lat' dir='ltr'><strong><em>quiunostru</em></strong></span> <span class='ocrx_word' id='word_1_263' title='bbox 309 1920 500 1991; x_wconf 81' lang='lat' dir='ltr'><strong><em>persequimur.</em></strong></span> <span class='ocrx_word' id='word_1_264' title='bbox 515 1918 634 1988; x_wconf 86' lang='lat' dir='ltr'><strong><em>Sapienti</em></strong></span> <span class='ocrx_word' id='word_1_265' title='bbox 649 1917 754 1987; x_wconf 88' lang='lat' dir='ltr'><strong><em>quidem</em></strong></span> <span class='ocrx_word' id='word_1_266' title='bbox 768 1915 919 1986; x_wconf 85' lang='lat' dir='ltr'><strong><em>etplsiloso-</em></strong></span> <span class='ocrx_word' id='word_1_267' title='bbox 969 1929 1027 1974; x_wconf 89' lang='lat' dir='ltr'><strong><em>tute</em></strong></span> <span class='ocrx_word' id='word_1_268' title='bbox 1050 1921 1229 1977; x_wconf 85' lang='lat' dir='ltr'><strong><em>inueniuntur.</em></strong></span> <span class='ocrx_word' id='word_1_269' title='bbox 1255 1921 1285 1979; x_wconf 88' lang='lat' dir='ltr'><strong><em>Si</em></strong></span> <span class='ocrx_word' id='word_1_270' title='bbox 1307 1941 1369 1995; x_wconf 87' lang='lat' dir='ltr'><strong><em>erqo</em></strong></span> <span class='ocrx_word' id='word_1_271' title='bbox 1397 1925 1492 1993; x_wconf 87' lang='lat' dir='ltr'><strong><em>iniens,</em></strong></span> <span class='ocrx_word' id='word_1_272' title='bbox 1517 1928 1556 1982; x_wconf 85' lang='lat' dir='ltr'><strong><em>ecl</em></strong></span> <span class='ocrx_word' id='word_1_273' title='bbox 1580 1927 1700 1997; x_wconf 61' lang='lat' dir='ltr'><strong><em>emmens,</em></strong></span> <span class='ocrx_word' id='word_1_274' title='bbox 1717 1931 1758 1986; x_wconf 81' lang='lat' dir='ltr'><strong><em>rel</em></strong></span> 
     </span>
     <span class='ocr_line' id='line_1_35' title="bbox 128 2005 1757 2088; baseline 0.006 -21"><span class='ocrx_word' id='word_1_275' title='bbox 128 2015 207 2082; x_wconf 81' lang='lat' dir='ltr'><strong><em>plico</em></strong></span> <span class='ocrx_word' id='word_1_276' title='bbox 216 2028 261 2066; x_wconf 93' lang='lat' dir='ltr'><strong><em>ore</em></strong></span> <span class='ocrx_word' id='word_1_277' title='bbox 269 2009 523 2080; x_wconf 87' lang='lat' dir='ltr'><strong><em>prolutasententin,·</em></strong></span> <span class='ocrx_word' id='word_1_278' title='bbox 534 2025 609 2063; x_wconf 89' lang='lat' dir='ltr'><strong><em>suurn</em></strong></span> <span class='ocrx_word' id='word_1_279' title='bbox 624 2007 742 2080; x_wconf 88' lang='lat' dir='ltr'><strong><em>persequi</em></strong></span> <span class='ocrx_word' id='word_1_280' title='bbox 751 2018 822 2062; x_wconf 90' lang='lat' dir='ltr'><strong><em>estne</em></strong></span> <span class='ocrx_word' id='word_1_281' title='bbox 832 2005 919 2062; x_wconf 87' lang='lat' dir='ltr'><strong><em>aliena</em></strong></span> <span class='ocrx_word' id='word_1_282' title='bbox 968 2010 1090 2083; x_wconf 74' lang='lat' dir='ltr'><strong><em>quaelibet</em></strong></span> <span class='ocrx_word' id='word_1_283' title='bbox 1107 2029 1228 2081; x_wconf 82' lang='lat' dir='ltr'><strong><em>persona,</em></strong></span> <span class='ocrx_word' id='word_1_284' title='bbox 1252 2016 1377 2072; x_wconf 80' lang='lat' dir='ltr'><strong><em>locu-sure</em></strong></span> <span class='ocrx_word' id='word_1_285' title='bbox 1391 2018 1558 2088; x_wconf 78' lang='lat' dir='ltr'><strong><em>proprietatis</em></strong></span> <span class='ocrx_word' id='word_1_286' title='bbox 1576 2020 1690 2075; x_wconf 82' lang='lat' dir='ltr'><strong><em>vendens</em></strong></span> <span class='ocrx_word' id='word_1_287' title='bbox 1710 2031 1757 2076; x_wconf 86' lang='lat' dir='ltr'><strong><em>aut</em></strong></span> 
     </span>
     <span class='ocr_line' id='line_1_36' title="bbox 129 2099 1758 2179; baseline 0.007 -23"><span class='ocrx_word' id='word_1_288' title='bbox 129 2101 247 2172; x_wconf 78' lang='lat' dir='ltr'><strong><em>rapere!</em></strong></span> <span class='ocrx_word' id='word_1_289' title='bbox 271 2099 347 2156; x_wconf 86' lang='lat' dir='ltr'><strong><em>liade</em></strong></span> <span class='ocrx_word' id='word_1_290' title='bbox 369 2101 404 2156; x_wconf 90' lang='lat' dir='ltr'><strong><em>ud</em></strong></span> <span class='ocrx_word' id='word_1_291' title='bbox 425 2117 469 2155; x_wconf 90' lang='lat' dir='ltr'><strong><em>uos</em></strong></span> <span class='ocrx_word' id='word_1_292' title='bbox 489 2100 545 2154; x_wconf 83' lang='lat' dir='ltr'><strong><em>ltoec</em></strong></span> <span class='ocrx_word' id='word_1_293' title='bbox 565 2099 694 2155; x_wconf 88' lang='lat' dir='ltr'><strong><em>sententio</em></strong></span> <span class='ocrx_word' id='word_1_294' title='bbox 716 2099 844 2165; x_wconf 89' lang='lat' dir='ltr'><strong><em>manauit,</em></strong></span> <span class='ocrx_word' id='word_1_295' title='bbox 866 2099 918 2155; x_wconf 88' lang='lat' dir='ltr'><strong><em>nisi</em></strong></span> <span class='ocrx_word' id='word_1_296' title='bbox 968 2101 1082 2166; x_wconf 86' lang='lat' dir='ltr'><strong><em>donans,</em></strong></span> <span class='ocrx_word' id='word_1_297' title='bbox 1109 2113 1263 2173; x_wconf 78' lang='lat' dir='ltr'><strong><em>protentam</em></strong></span> <span class='ocrx_word' id='word_1_298' title='bbox 1287 2107 1491 2163; x_wconf 87' lang='lat' dir='ltr'><strong><em>decimationum</em></strong></span> <span class='ocrx_word' id='word_1_299' title='bbox 1514 2111 1547 2164; x_wconf 83' lang='lat' dir='ltr'><strong><em>ai</em></strong></span> <span class='ocrx_word' id='word_1_300' title='bbox 1569 2111 1695 2179; x_wconf 79' lang='lat' dir='ltr'><strong><em>ecelesia,</em></strong></span> <span class='ocrx_word' id='word_1_301' title='bbox 1715 2114 1758 2167; x_wconf 81' lang='lat' dir='ltr'><strong><em>nsi</em></strong></span> 
     </span>
     <span class='ocr_line' id='line_1_37' title="bbox 128 2192 1755 2272; baseline 0.007 -22"><span class='ocrx_word' id='word_1_302' title='bbox 128 2195 193 2265; x_wconf 89' lang='lat' dir='ltr'><strong><em>quia</em></strong></span> <span class='ocrx_word' id='word_1_303' title='bbox 209 2203 285 2249; x_wconf 87' lang='lat' dir='ltr'><strong><em>tanto</em></strong></span> <span class='ocrx_word' id='word_1_304' title='bbox 302 2193 399 2249; x_wconf 88' lang='lat' dir='ltr'><strong><em>ardore</em></strong></span> <span class='ocrx_word' id='word_1_305' title='bbox 409 2201 502 2248; x_wconf 89' lang='lat' dir='ltr'><strong><em>nostra</em></strong></span> <span class='ocrx_word' id='word_1_306' title='bbox 520 2192 716 2262; x_wconf 84' lang='lat' dir='ltr'><strong><em>concupiscitis,</em></strong></span> <span class='ocrx_word' id='word_1_307' title='bbox 731 2205 759 2245; x_wconf 89' lang='lat' dir='ltr'><strong><em>ur</em></strong></span> <span class='ocrx_word' id='word_1_308' title='bbox 771 2200 856 2246; x_wconf 85' lang='lat' dir='ltr'><strong><em>nestra</em></strong></span> <span class='ocrx_word' id='word_1_309' title='bbox 869 2206 919 2256; x_wconf 88' lang='lat' dir='ltr'><strong><em>pn·</em></strong></span> <span class='ocrx_word' id='word_1_310' title='bbox 970 2192 1085 2264; x_wconf 87' lang='lat' dir='ltr'><strong><em>leqin&#39;rrre</em></strong></span> <span class='ocrx_word' id='word_1_311' title='bbox 1099 2197 1250 2266; x_wconf 87' lang='lat' dir='ltr'><strong><em>assiqnntsn</em></strong></span> <span class='ocrx_word' id='word_1_312' title='bbox 1264 2207 1312 2263; x_wconf 85' lang='lat' dir='ltr'><strong><em>eet,</em></strong></span> <span class='ocrx_word' id='word_1_313' title='bbox 1324 2198 1398 2253; x_wconf 85' lang='lat' dir='ltr'><strong><em>nullo</em></strong></span> <span class='ocrx_word' id='word_1_314' title='bbox 1409 2201 1487 2256; x_wconf 89' lang='lat' dir='ltr'><strong><em>modo</em></strong></span> <span class='ocrx_word' id='word_1_315' title='bbox 1497 2211 1580 2271; x_wconf 88' lang='lat' dir='ltr'><strong><em>potest</em></strong></span> <span class='ocrx_word' id='word_1_316' title='bbox 1594 2203 1755 2272; x_wconf 73' lang='lat' dir='ltr'><strong><em>abstrahere,</em></strong></span> 
     </span>
     <span class='ocr_line' id='line_1_38' title="bbox 129 2284 1760 2356; baseline 0.005 -14"><span class='ocrx_word' id='word_1_317' title='bbox 129 2297 191 2342; x_wconf 87' lang='lat' dir='ltr'><strong><em>tetes</em></strong></span> <span class='ocrx_word' id='word_1_318' title='bbox 217 2287 290 2343; x_wconf 83' lang='lat' dir='ltr'><strong><em>nolis</em></strong></span> <span class='ocrx_word' id='word_1_319' title='bbox 307 2286 425 2354; x_wconf 77' lang='lat' dir='ltr'><strong><em>aulerri,</em></strong></span> <span class='ocrx_word' id='word_1_320' title='bbox 447 2300 527 2355; x_wconf 81' lang='lat' dir='ltr'><strong><em>qnare</em></strong></span> <span class='ocrx_word' id='word_1_321' title='bbox 543 2300 591 2338; x_wconf 83' lang='lat' dir='ltr'><strong><em>nor</em></strong></span> <span class='ocrx_word' id='word_1_322' title='bbox 609 2293 701 2339; x_wconf 83' lang='lat' dir='ltr'><strong><em>nostra</em></strong></span> <span class='ocrx_word' id='word_1_323' title='bbox 717 2284 921 2352; x_wconf 83' lang='lat' dir='ltr'><strong><em>consequimur?</em></strong></span> <span class='ocrx_word' id='word_1_324' title='bbox 970 2301 1016 2340; x_wconf 88' lang='lat' dir='ltr'><strong><em>nee</em></strong></span> <span class='ocrx_word' id='word_1_325' title='bbox 1030 2286 1075 2341; x_wconf 88' lang='lat' dir='ltr'><strong><em>isti</em></strong></span> <span class='ocrx_word' id='word_1_326' title='bbox 1091 2285 1124 2341; x_wconf 86' lang='lat' dir='ltr'><strong><em>ale</em></strong></span> <span class='ocrx_word' id='word_1_327' title='bbox 1138 2288 1243 2342; x_wconf 85' lang='lat' dir='ltr'><strong><em>dicereei</em></strong></span> <span class='ocrx_word' id='word_1_328' title='bbox 1256 2290 1292 2343; x_wconf 89' lang='lat' dir='ltr'><strong><em>od</em></strong></span> <span class='ocrx_word' id='word_1_329' title='bbox 1311 2290 1442 2347; x_wconf 82' lang='lat' dir='ltr'><strong><em>diaeresim</em></strong></span> <span class='ocrx_word' id='word_1_330' title='bbox 1462 2302 1628 2350; x_wconf 87' lang='lat' dir='ltr'><strong><em>tronrerrmce</em></strong></span> <span class='ocrx_word' id='word_1_331' title='bbox 1645 2297 1760 2356; x_wconf 82' lang='lat' dir='ltr'><strong><em>decimus</em></strong></span> 
     </span>
     <span class='ocr_line' id='line_1_39' title="bbox 131 2373 1755 2455; baseline 0.005 -22"><span class='ocrx_word' id='word_1_332' title='bbox 131 2377 220 2441; x_wconf 81' lang='lat' dir='ltr'><strong><em>liade,</em></strong></span> <span class='ocrx_word' id='word_1_333' title='bbox 232 2393 313 2444; x_wconf 81' lang='lat' dir='ltr'><strong><em>quoru</em></strong></span> <span class='ocrx_word' id='word_1_334' title='bbox 331 2393 412 2432; x_wconf 88' lang='lat' dir='ltr'><strong><em>causo</em></strong></span> <span class='ocrx_word' id='word_1_335' title='bbox 431 2387 521 2430; x_wconf 83' lang='lat' dir='ltr'><strong><em>nostra</em></strong></span> <span class='ocrx_word' id='word_1_336' title='bbox 534 2374 650 2428; x_wconf 82' lang='lat' dir='ltr'><strong><em>delitum</em></strong></span> <span class='ocrx_word' id='word_1_337' title='bbox 660 2373 739 2444; x_wconf 76' lang='lat' dir='ltr'><strong><em>finem</em></strong></span> <span class='ocrx_word' id='word_1_338' title='bbox 750 2374 844 2428; x_wconf 80' lang='lat' dir='ltr'><strong><em>sortita</em></strong></span> <span class='ocrx_word' id='word_1_339' title='bbox 858 2373 920 2443; x_wconf 74' lang='lat' dir='ltr'><strong><em>[tte-</em></strong></span> <span class='ocrx_word' id='word_1_340' title='bbox 969 2391 1079 2432; x_wconf 86' lang='lat' dir='ltr'><strong><em>ssorum</em></strong></span> <span class='ocrx_word' id='word_1_341' title='bbox 1095 2377 1266 2446; x_wconf 79' lang='lat' dir='ltr'><strong><em>prediorum,</em></strong></span> <span class='ocrx_word' id='word_1_342' title='bbox 1283 2394 1343 2449; x_wconf 85' lang='lat' dir='ltr'><strong><em>qnae</em></strong></span> <span class='ocrx_word' id='word_1_343' title='bbox 1362 2380 1432 2436; x_wconf 90' lang='lat' dir='ltr'><strong><em>intra</em></strong></span> <span class='ocrx_word' id='word_1_344' title='bbox 1451 2384 1576 2438; x_wconf 84' lang='lat' dir='ltr'><strong><em>terminos</em></strong></span> <span class='ocrx_word' id='word_1_345' title='bbox 1598 2395 1696 2440; x_wconf 74' lang='lat' dir='ltr'><strong><em>nostrie</em></strong></span> <span class='ocrx_word' id='word_1_346' title='bbox 1706 2403 1755 2455; x_wconf 88' lang='lat' dir='ltr'><strong><em>po-</em></strong></span> 
     </span>
     <span class='ocr_line' id='line_1_40' title="bbox 130 2465 1759 2544; baseline 0.004 -20"><span class='ocrx_word' id='word_1_347' title='bbox 130 2471 178 2539; x_wconf 91' lang='lat' dir='ltr'><strong><em>rit,</em></strong></span> <span class='ocrx_word' id='word_1_348' title='bbox 190 2467 372 2524; x_wconf 70' lang='lat' dir='ltr'><strong><em>malumoir&#39;tis</em></strong></span> <span class='ocrx_word' id='word_1_349' title='bbox 389 2467 410 2499; x_wconf 83' lang='lat'><strong><em>¹&#39;</em></strong></span> <span class='ocrx_word' id='word_1_350' title='bbox 431 2467 493 2522; x_wconf 80' lang='lat' dir='ltr'><strong><em>:iiis</em></strong></span> <span class='ocrx_word' id='word_1_351' title='bbox 518 2466 611 2531; x_wconf 84' lang='lat' dir='ltr'><strong><em>miser,</em></strong></span> <span class='ocrx_word' id='word_1_352' title='bbox 632 2465 741 2521; x_wconf 88' lang='lat' dir='ltr'><strong><em>crucior</em></strong></span> <span class='ocrx_word' id='word_1_353' title='bbox 756 2472 858 2518; x_wconf 76' lang='lat' dir='ltr'><strong><em>terrram</em></strong></span> <span class='ocrx_word' id='word_1_354' title='bbox 872 2465 920 2520; x_wconf 80' lang='lat' dir='ltr'><strong><em>loo-</em></strong></span> <span class='ocrx_word' id='word_1_355' title='bbox 970 2467 1257 2536; x_wconf 82' lang='lat' dir='ltr'><strong><em>roriitecoutinentar,</em></strong></span> <span class='ocrx_word' id='word_1_356' title='bbox 1274 2472 1350 2526; x_wconf 84' lang='lat' dir='ltr'><strong><em>notris</em></strong></span> <span class='ocrx_word' id='word_1_357' title='bbox 1364 2474 1470 2543; x_wconf 73' lang='lat' dir='ltr'><strong><em>auferre</em></strong></span> <span class='ocrx_word' id='word_1_358' title='bbox 1488 2484 1607 2544; x_wconf 86' lang='lat' dir='ltr'><strong><em>possunt.</em></strong></span> <span class='ocrx_word' id='word_1_359' title='bbox 1623 2473 1759 2542; x_wconf 78' lang='lat' dir='ltr'><strong><em>Quantum</em></strong></span> 
     </span>
     <span class='ocr_line' id='line_1_41' title="bbox 132 2553 1758 2632; baseline 0.004 -18"><span class='ocrx_word' id='word_1_360' title='bbox 132 2561 189 2616; x_wconf 82' lang='lat' dir='ltr'><strong><em>iuro</em></strong></span> <span class='ocrx_word' id='word_1_361' title='bbox 202 2574 265 2616; x_wconf 82' lang='lat' dir='ltr'><strong><em>essa</em></strong></span> <span class='ocrx_word' id='word_1_362' title='bbox 284 2567 408 2629; x_wconf 84' lang='lat' dir='ltr'><strong><em>ereptum</em></strong></span> <span class='ocrx_word' id='word_1_363' title='bbox 422 2573 456 2612; x_wconf 82' lang='lat' dir='ltr'><strong><em>ex</em></strong></span> <span class='ocrx_word' id='word_1_364' title='bbox 473 2555 606 2612; x_wconf 84' lang='lat' dir='ltr'><strong><em>lnrreilras.</em></strong></span> <span class='ocrx_word' id='word_1_365' title='bbox 628 2553 681 2611; x_wconf 88' lang='lat' dir='ltr'><strong><em>Sed</em></strong></span> <span class='ocrx_word' id='word_1_366' title='bbox 694 2554 787 2620; x_wconf 86' lang='lat' dir='ltr'><strong><em>uidete,</em></strong></span> <span class='ocrx_word' id='word_1_367' title='bbox 802 2572 834 2612; x_wconf 90' lang='lat' dir='ltr'><strong><em>ne</em></strong></span> <span class='ocrx_word' id='word_1_368' title='bbox 845 2555 921 2610; x_wconf 90' lang='lat' dir='ltr'><strong><em>dum·</em></strong></span> <span class='ocrx_word' id='word_1_369' title='bbox 970 2561 1040 2614; x_wconf 83' lang='lat' dir='ltr'><strong><em>enim</em></strong></span> <span class='ocrx_word' id='word_1_370' title='bbox 1051 2561 1086 2614; x_wconf 90' lang='lat' dir='ltr'><strong><em>ad</em></strong></span> <span class='ocrx_word' id='word_1_371' title='bbox 1094 2560 1141 2628; x_wconf 76' lang='lat' dir='ltr'><strong><em>jus</em></strong></span> <span class='ocrx_word' id='word_1_372' title='bbox 1151 2561 1380 2630; x_wconf 84' lang='lat' dir='ltr'><strong><em>percipiendorum</em></strong></span> <span class='ocrx_word' id='word_1_373' title='bbox 1394 2564 1556 2620; x_wconf 80' lang='lat' dir='ltr'><strong><em>decimarum</em></strong></span> <span class='ocrx_word' id='word_1_374' title='bbox 1570 2567 1674 2632; x_wconf 84' lang='lat' dir='ltr'><strong><em>attinet,</em></strong></span> <span class='ocrx_word' id='word_1_375' title='bbox 1688 2568 1758 2622; x_wconf 85' lang='lat' dir='ltr'><strong><em>idern</em></strong></span> 
     </span>
     <span class='ocr_line' id='line_1_42' title="bbox 132 2648 1759 2728; baseline 0.006 -21"><span class='ocrx_word' id='word_1_376' title='bbox 132 2667 195 2708; x_wconf 81' lang='lat' dir='ltr'><strong><em>num</em></strong></span> <span class='ocrx_word' id='word_1_377' title='bbox 219 2651 297 2722; x_wconf 65' lang='lat' dir='ltr'><strong><em>effusi</em></strong></span> <span class='ocrx_word' id='word_1_378' title='bbox 319 2650 444 2722; x_wconf 82' lang='lat' dir='ltr'><strong><em>unquenti</em></strong></span> <span class='ocrx_word' id='word_1_379' title='bbox 468 2648 539 2703; x_wconf 83' lang='lat' dir='ltr'><strong><em>roiin</em></strong></span> <span class='ocrx_word' id='word_1_380' title='bbox 564 2663 760 2718; x_wconf 87' lang='lat' dir='ltr'><strong><em>recompensare</em></strong></span> <span class='ocrx_word' id='word_1_381' title='bbox 781 2649 918 2719; x_wconf 83' lang='lat' dir='ltr'><strong><em>quaeratis.</em></strong></span> <span class='ocrx_word' id='word_1_382' title='bbox 969 2660 1009 2706; x_wconf 87' lang='lat' dir='ltr'><strong><em>est</em></strong></span> <span class='ocrx_word' id='word_1_383' title='bbox 1035 2667 1209 2722; x_wconf 72' lang='lat' dir='ltr'><strong><em>pcuessorent</em></strong></span> <span class='ocrx_word' id='word_1_384' title='bbox 1231 2655 1264 2708; x_wconf 93' lang='lat' dir='ltr'><strong><em>de</em></strong></span> <span class='ocrx_word' id='word_1_385' title='bbox 1289 2655 1394 2710; x_wconf 80' lang='lat' dir='ltr'><strong><em>diaecesi</em></strong></span> <span class='ocrx_word' id='word_1_386' title='bbox 1422 2657 1457 2712; x_wconf 90' lang='lat' dir='ltr'><strong><em>ad</em></strong></span> <span class='ocrx_word' id='word_1_387' title='bbox 1480 2658 1610 2715; x_wconf 79' lang='lat' dir='ltr'><strong><em>diaeresim</em></strong></span> <span class='ocrx_word' id='word_1_388' title='bbox 1633 2661 1759 2728; x_wconf 79' lang='lat' dir='ltr'><strong><em>transsire,</em></strong></span> 
     </span>
     <span class='ocr_line' id='line_1_43' title="bbox 134 2736 1760 2813; baseline 0.007 -16"><span class='ocrx_word' id='word_1_389' title='bbox 134 2742 313 2797; x_wconf 75' lang='lat' dir='ltr'><strong><em>Constituistis</em></strong></span> <span class='ocrx_word' id='word_1_390' title='bbox 348 2756 393 2795; x_wconf 86' lang='lat' dir='ltr'><strong><em>uos</em></strong></span> <span class='ocrx_word' id='word_1_391' title='bbox 419 2738 582 2811; x_wconf 76' lang='lat' dir='ltr'><strong><em>plantatores</em></strong></span> <span class='ocrx_word' id='word_1_392' title='bbox 613 2736 767 2802; x_wconf 75' lang='lat' dir='ltr'><strong><em>orreorum.</em></strong></span> <span class='ocrx_word' id='word_1_393' title='bbox 806 2738 919 2806; x_wconf 77' lang='lat' dir='ltr'><strong><em>lassaret</em></strong></span> <span class='ocrx_word' id='word_1_394' title='bbox 969 2743 1044 2812; x_wconf 89' lang='lat' dir='ltr'><strong><em>qnod</em></strong></span> <span class='ocrx_word' id='word_1_395' title='bbox 1069 2746 1259 2813; x_wconf 70' lang='lat' dir='ltr'><strong><em>peremtione·</em></strong></span> <span class='ocrx_word' id='word_1_396' title='bbox 1286 2747 1319 2801; x_wconf 90' lang='lat' dir='ltr'><strong><em>de</em></strong></span> <span class='ocrx_word' id='word_1_397' title='bbox 1346 2750 1494 2806; x_wconf 83' lang='lat' dir='ltr'><strong><em>rtieeceeono</em></strong></span> <span class='ocrx_word' id='word_1_398' title='bbox 1520 2752 1558 2805; x_wconf 85' lang='lat' dir='ltr'><strong><em>sal</em></strong></span> <span class='ocrx_word' id='word_1_399' title='bbox 1582 2753 1760 2810; x_wconf 76' lang='lat' dir='ltr'><strong><em>dloeeessnum</em></strong></span> 
     </span>
     <span class='ocr_line' id='line_1_44' title="bbox 132 2830 1125 2906; baseline 0.003 -17"><span class='ocrx_word' id='word_1_400' title='bbox 132 2850 269 2906; x_wconf 74' lang='lat' dir='ltr'><strong><em>aprorum,</em></strong></span> <span class='ocrx_word' id='word_1_401' title='bbox 278 2833 444 2888; x_wconf 87' lang='lat' dir='ltr'><strong><em>trituratores</em></strong></span> <span class='ocrx_word' id='word_1_402' title='bbox 452 2830 918 2898; x_wconf 74' lang='lat' dir='ltr'><strong><em>arearumriqaroresramparum,er</em></strong></span> <span class='ocrx_word' id='word_1_403' title='bbox 970 2835 1125 2906; x_wconf 72' lang='lat' dir='ltr'><strong><em>transferre.</em></strong></span> 
     </span>
    </p>

    <p class='ocr_par' dir='ltr' id='par_1_8' title="bbox 132 2918 1392 2992">
     <span class='ocr_line' id='line_1_45' title="bbox 132 2918 1392 2992; baseline -0.007 -14"><span class='ocrx_word' id='word_1_404' title='bbox 132 2924 216 2978; x_wconf 88' lang='lat' dir='ltr'><strong><em>multu</em></strong></span> <span class='ocrx_word' id='word_1_405' title='bbox 230 2923 285 2978; x_wconf 89' lang='lat' dir='ltr'><strong><em>aliu</em></strong></span> <span class='ocrx_word' id='word_1_406' title='bbox 295 2920 447 2992; x_wconf 77' lang='lat' dir='ltr'><strong><em>hujusmodi</em></strong></span> <span class='ocrx_word' id='word_1_407' title='bbox 457 2923 539 2992; x_wconf 73' lang='lat' dir='ltr'><strong><em>officia</em></strong></span> <span class='ocrx_word' id='word_1_408' title='bbox 548 2921 617 2976; x_wconf 80' lang='lat' dir='ltr'><strong><em>saleis</em></strong></span> <span class='ocrx_word' id='word_1_409' title='bbox 625 2918 793 2984; x_wconf 72' lang='lat' dir='ltr'><strong><em>assumsistis,</em></strong></span> <span class='ocrx_word' id='word_1_410' title='bbox 802 2930 825 2974; x_wconf 91' lang='lat' dir='ltr'><strong><em>et</em></strong></span> <span class='ocrx_word' id='word_1_411' title='bbox 833 2920 920 2974; x_wconf 86' lang='lat' dir='ltr'><strong><em>deiitu</em></strong></span> <span class='ocrx_word' id='word_1_412' title='bbox 1355 2940 1392 2951; x_wconf 92' lang='lat'>-</span> 
     </span>
    </p>

    <p class='ocr_par' dir='ltr' id='par_1_9' title="bbox 131 3011 1499 3098">
     <span class='ocr_line' id='line_1_46' title="bbox 131 3011 1499 3098; baseline -0.002 -27"><span class='ocrx_word' id='word_1_413' title='bbox 131 3016 205 3071; x_wconf 84' lang='lat' dir='ltr'><strong><em>nolis</em></strong></span> <span class='ocrx_word' id='word_1_414' title='bbox 218 3015 342 3085; x_wconf 88' lang='lat' dir='ltr'><strong><em>aiseqnia</em></strong></span> <span class='ocrx_word' id='word_1_415' title='bbox 362 3031 380 3068; x_wconf 90' lang='lat' dir='ltr'><strong><em>a</em></strong></span> <span class='ocrx_word' id='word_1_416' title='bbox 397 3014 471 3069; x_wconf 83' lang='lat' dir='ltr'><strong><em>neiis</em></strong></span> <span class='ocrx_word' id='word_1_417' title='bbox 489 3013 611 3068; x_wconf 87' lang='lat' dir='ltr'><strong><em>suitralri</em></strong></span> <span class='ocrx_word' id='word_1_418' title='bbox 624 3011 759 3082; x_wconf 76' lang='lat' dir='ltr'><strong><em>conquesti</em></strong></span> <span class='ocrx_word' id='word_1_419' title='bbox 778 3013 851 3068; x_wconf 87' lang='lat' dir='ltr'><strong><em>estis.</em></strong></span> <span class='ocrx_word' id='word_1_420' title='bbox 866 3011 919 3067; x_wconf 88' lang='lat' dir='ltr'><strong><em>Sed</em></strong></span> <span class='ocrx_word' id='word_1_421' title='bbox 990 3065 995 3074; x_wconf 85' lang='grc'><em>,</em></span> <span class='ocrx_word' id='word_1_422' title='bbox 1250 3023 1437 3098; x_wconf 64' lang='lat' dir='ltr'><strong><em>Quffisqqo</em></strong></span> <span class='ocrx_word' id='word_1_423' title='bbox 1460 3027 1499 3090; x_wconf 49' lang='lat' dir='ltr'><strong><em>qq·</em></strong></span> 
     </span>
    </p>

    <p class='ocr_par' dir='ltr' id='par_1_10' title="bbox 130 3100 1469 3180">
     <span class='ocr_line' id='line_1_47' title="bbox 130 3100 1469 3180; baseline -0.004 -18"><span class='ocrx_word' id='word_1_424' title='bbox 130 3123 180 3162; x_wconf 83' lang='lat' dir='ltr'><strong><em>eos</em></strong></span> <span class='ocrx_word' id='word_1_425' title='bbox 200 3122 253 3162; x_wconf 87' lang='lat' dir='ltr'><strong><em>sorr</em></strong></span> <span class='ocrx_word' id='word_1_426' title='bbox 277 3105 484 3176; x_wconf 85' lang='lat' dir='ltr'><strong><em>nequnrusquod</em></strong></span> <span class='ocrx_word' id='word_1_427' title='bbox 505 3112 619 3160; x_wconf 83' lang='lat' dir='ltr'><strong><em>uestrum</em></strong></span> <span class='ocrx_word' id='word_1_428' title='bbox 638 3113 687 3159; x_wconf 88' lang='lat' dir='ltr'><strong><em>est.</em></strong></span> <span class='ocrx_word' id='word_1_429' title='bbox 702 3100 767 3158; x_wconf 85' lang='lat' dir='ltr'><strong><em>Boni</em></strong></span> <span class='ocrx_word' id='word_1_430' title='bbox 783 3104 918 3158; x_wconf 88' lang='lat' dir='ltr'><strong><em>trituranti</em></strong></span> <span class='ocrx_word' id='word_1_431' title='bbox 943 3155 955 3179; x_wconf 59' lang='lat'>‚</span> <span class='ocrx_word' id='word_1_432' title='bbox 1142 3167 1144 3174; x_wconf 33' lang='grc' dir='ltr'>Ι</span> <span class='ocrx_word' id='word_1_433' title='bbox 1253 3119 1469 3180; x_wconf 52' lang='grc' dir='ltr'><strong><em>ςΜΤιᾸΝῃε,</em></strong></span> 
     </span>
    </p>

    <p class='ocr_par' dir='ltr' id='par_1_11' title="bbox 130 3194 1760 4094">
     <span class='ocr_line' id='line_1_48' title="bbox 130 3194 917 3281; baseline -0.001 -31"><span class='ocrx_word' id='word_1_434' title='bbox 130 3196 215 3267; x_wconf 83' lang='lat' dir='ltr'><strong><em>paleae</em></strong></span> <span class='ocrx_word' id='word_1_435' title='bbox 239 3206 264 3252; x_wconf 89' lang='lat' dir='ltr'><strong><em>el</em></strong></span> <span class='ocrx_word' id='word_1_436' title='bbox 287 3205 436 3267; x_wconf 64' lang='lat' dir='ltr'><strong><em>memsuis</em></strong></span> <span class='ocrx_word' id='word_1_437' title='bbox 460 3205 609 3252; x_wconf 72' lang='lat' dir='ltr'><strong><em>arnamar.</em></strong></span> <span class='ocrx_word' id='word_1_438' title='bbox 633 3195 706 3281; x_wconf 60' lang='lat' dir='ltr'><strong><em>⁸le</em></strong></span> <span class='ocrx_word' id='word_1_439' title='bbox 721 3196 777 3251; x_wconf 74' lang='lat' dir='ltr'><strong><em>laec</em></strong></span> <span class='ocrx_word' id='word_1_440' title='bbox 801 3194 917 3263; x_wconf 65' lang='lat' dir='ltr'><strong><em>roiimt</em></strong></span> 
     </span>
     <span class='ocr_line' id='line_1_49' title="bbox 130 3287 923 3360; baseline 0.003 -19"><span class='ocrx_word' id='word_1_441' title='bbox 130 3290 297 3359; x_wconf 83' lang='lat' dir='ltr'><strong><em>qrunanoiis</em></strong></span> <span class='ocrx_word' id='word_1_442' title='bbox 308 3290 454 3360; x_wconf 86' lang='lat' dir='ltr'><strong><em>relinquite.</em></strong></span> <span class='ocrx_word' id='word_1_443' title='bbox 462 3287 643 3344; x_wconf 86' lang='lat' dir='ltr'><strong><em>Pastinstores</em></strong></span> <span class='ocrx_word' id='word_1_444' title='bbox 654 3289 923 3359; x_wconf 78' lang='lat' dir='ltr'><strong><em>siuearasn,1assaree</em></strong></span> 
     </span>
     <span class='ocr_line' id='line_1_50' title="bbox 130 3381 920 3452; baseline 0.003 -17"><span class='ocrx_word' id='word_1_445' title='bbox 130 3396 257 3452; x_wconf 83' lang='lat' dir='ltr'><strong><em>sqrorsoe</em></strong></span> <span class='ocrx_word' id='word_1_446' title='bbox 279 3381 405 3452; x_wconf 87' lang='lat' dir='ltr'><strong><em>riqatoree</em></strong></span> <span class='ocrx_word' id='word_1_447' title='bbox 423 3397 586 3450; x_wconf 82' lang='lat' dir='ltr'><strong><em>camporum.</em></strong></span> <span class='ocrx_word' id='word_1_448' title='bbox 612 3382 781 3451; x_wconf 69' lang='lat' dir='ltr'><strong><em>frituratores</em></strong></span> <span class='ocrx_word' id='word_1_449' title='bbox 797 3398 920 3437; x_wconf 81' lang='lat' dir='ltr'><strong><em>arearum</em></strong></span> 
     </span>
     <span class='ocr_line' id='line_1_51' title="bbox 133 3472 919 3543; baseline 0.005 -17"><span class='ocrx_word' id='word_1_450' title='bbox 133 3475 230 3530; x_wconf 77' lang='lat' dir='ltr'><strong><em>diurna</em></strong></span> <span class='ocrx_word' id='word_1_451' title='bbox 240 3473 357 3530; x_wconf 83' lang='lat' dir='ltr'><strong><em>mercede</em></strong></span> <span class='ocrx_word' id='word_1_452' title='bbox 372 3473 674 3542; x_wconf 84' lang='lat' dir='ltr'><strong><em>acceptu,prouenicrrtes</em></strong></span> <span class='ocrx_word' id='word_1_453' title='bbox 688 3472 791 3543; x_wconf 72' lang='lat' dir='ltr'><strong><em>[rudus</em></strong></span> <span class='ocrx_word' id='word_1_454' title='bbox 803 3473 919 3530; x_wconf 86' lang='lat' dir='ltr'><strong><em>dominis</em></strong></span> 
     </span>
     <span class='ocr_line' id='line_1_52' title="bbox 133 3563 918 3636; baseline 0.001 -17"><span class='ocrx_word' id='word_1_455' title='bbox 133 3565 294 3636; x_wconf 80' lang='lat' dir='ltr'><strong><em>relinquunt.</em></strong></span> <span class='ocrx_word' id='word_1_456' title='bbox 312 3563 364 3620; x_wconf 81' lang='lat' dir='ltr'><strong><em>Vos</em></strong></span> <span class='ocrx_word' id='word_1_457' title='bbox 373 3580 435 3634; x_wconf 88' lang='lat' dir='ltr'><strong><em>erqo</em></strong></span> <span class='ocrx_word' id='word_1_458' title='bbox 452 3575 554 3634; x_wconf 80' lang='lat' dir='ltr'><strong><em>recepta</em></strong></span> <span class='ocrx_word' id='word_1_459' title='bbox 566 3565 683 3620; x_wconf 79' lang='lat' dir='ltr'><strong><em>mercede</em></strong></span> <span class='ocrx_word' id='word_1_460' title='bbox 693 3565 770 3619; x_wconf 89' lang='lat' dir='ltr'><strong><em>uestri</em></strong></span> <span class='ocrx_word' id='word_1_461' title='bbox 787 3565 873 3635; x_wconf 84' lang='lat' dir='ltr'><strong><em>operis</em></strong></span> <span class='ocrx_word' id='word_1_462' title='bbox 889 3566 918 3620; x_wconf 89' lang='lat' dir='ltr'><strong><em>in</em></strong></span> 
     </span>
     <span class='ocr_line' id='line_1_53' title="bbox 131 3654 923 3728; baseline 0.003 -20"><span class='ocrx_word' id='word_1_463' title='bbox 131 3655 300 3726; x_wconf 85' lang='lat' dir='ltr'><strong><em>quotidianis</em></strong></span> <span class='ocrx_word' id='word_1_464' title='bbox 313 3654 503 3722; x_wconf 74' lang='lat' dir='ltr'><strong><em>dilationibus,</em></strong></span> <span class='ocrx_word' id='word_1_465' title='bbox 520 3667 544 3711; x_wconf 90' lang='lat' dir='ltr'><strong><em>et</em></strong></span> <span class='ocrx_word' id='word_1_466' title='bbox 559 3654 623 3710; x_wconf 85' lang='lat' dir='ltr'><strong><em>aliis</em></strong></span> <span class='ocrx_word' id='word_1_467' title='bbox 643 3654 780 3726; x_wconf 77' lang='lat' dir='ltr'><strong><em>obsequiis,</em></strong></span> <span class='ocrx_word' id='word_1_468' title='bbox 800 3672 861 3725; x_wconf 82' lang='lat' dir='ltr'><strong><em>qua</em></strong></span> <span class='ocrx_word' id='word_1_469' title='bbox 874 3673 923 3728; x_wconf 87' lang='lat' dir='ltr'><strong><em>pro</em></strong></span> 
     </span>
     <span class='ocr_line' id='line_1_54' title="bbox 132 3745 1665 3859; baseline 0.035 -62"><span class='ocrx_word' id='word_1_470' title='bbox 132 3745 405 3816; x_wconf 54' lang='lat' dir='ltr'><strong><em>minuentiumque</em></strong></span> <span class='ocrx_word' id='word_1_471' title='bbox 424 3763 441 3800; x_wconf 92' lang='lat' dir='ltr'><strong><em>u</em></strong></span> <span class='ocrx_word' id='word_1_472' title='bbox 462 3746 535 3802; x_wconf 87' lang='lat' dir='ltr'><strong><em>uoltis</em></strong></span> <span class='ocrx_word' id='word_1_473' title='bbox 547 3745 694 3812; x_wconf 81' lang='lat' dir='ltr'><strong><em>accipiunt,</em></strong></span> <span class='ocrx_word' id='word_1_474' title='bbox 711 3747 829 3818; x_wconf 81' lang='lat' dir='ltr'><strong><em>quotidie</em></strong></span> <span class='ocrx_word' id='word_1_475' title='bbox 851 3747 922 3818; x_wconf 75' lang='lat' dir='ltr'><strong><em>aste·</em></strong></span> <span class='ocrx_word' id='word_1_476' title='bbox 1047 3786 1122 3844; x_wconf 76' lang='lat' dir='ltr'><strong><em>Unde</em></strong></span> <span class='ocrx_word' id='word_1_477' title='bbox 1138 3787 1265 3846; x_wconf 74' lang='lat' dir='ltr'><strong><em>Gehstm</em></strong></span> <span class='ocrx_word' id='word_1_478' title='bbox 1284 3789 1355 3859; x_wconf 74' lang='lat' dir='ltr'><strong><em>Papa</em></strong></span> <span class='ocrx_word' id='word_1_479' title='bbox 1370 3790 1407 3845; x_wconf 89' lang='lat' dir='ltr'><strong><em>alt</em></strong></span> <span class='ocrx_word' id='word_1_480' title='bbox 1424 3791 1538 3853; x_wconf 77' lang='lat' dir='ltr'><strong><em>correo·</em></strong></span> <span class='ocrx_word' id='word_1_481' title='bbox 1565 3791 1665 3851; x_wconf 82' lang='lat' dir='ltr'><strong><em>stettta</em></strong></span> 
     </span>
     <span class='ocr_line' id='line_1_55' title="bbox 135 3807 1674 3932; baseline 0 -38"><span class='ocrx_word' id='word_1_482' title='bbox 135 3851 244 3904; x_wconf 80' lang='lat' dir='ltr'><strong><em>rentur,</em></strong></span> <span class='ocrx_word' id='word_1_483' title='bbox 259 3839 438 3908; x_wconf 82' lang='lat' dir='ltr'><strong><em>praeenicnres</em></strong></span> <span class='ocrx_word' id='word_1_484' title='bbox 448 3838 554 3906; x_wconf 62' lang='lat' dir='ltr'><strong><em>fruetus</em></strong></span> <span class='ocrx_word' id='word_1_485' title='bbox 576 3837 781 3893; x_wconf 85' lang='lat' dir='ltr'><strong><em>decimationum</em></strong></span> <span class='ocrx_word' id='word_1_486' title='bbox 791 3846 817 3893; x_wconf 90' lang='lat' dir='ltr'><strong><em>et</em></strong></span> <span class='ocrx_word' id='word_1_487' title='bbox 830 3839 919 3908; x_wconf 87' lang='lat' dir='ltr'><strong><em>primi·</em></strong></span> <span class='ocrx_word' id='word_1_488' title='bbox 1249 3877 1293 3932; x_wconf 68' lang='lat'><strong><em>²7·</em></strong></span> <span class='ocrx_word' id='word_1_489' title='bbox 1308 3861 1352 3917; x_wconf 48' lang='grc' dir='ltr'><strong><em>η,</em></strong></span> <span class='ocrx_word' id='word_1_490' title='bbox 1367 3862 1422 3918; x_wconf 40' lang='lat'><strong><em>,2</em></strong></span> <span class='ocrx_word' id='word_1_491' title='bbox 1437 3863 1466 3916; x_wconf 64' lang='lat' dir='ltr'><strong><em>a,</em></strong></span> <span class='ocrx_word' id='word_1_492' title='bbox 1511 3807 1551 3862; x_wconf 61' lang='lat' dir='ltr'><strong><em>pu</em></strong></span> <span class='ocrx_word' id='word_1_493' title='bbox 1666 3835 1674 3850; x_wconf 87' lang='lat'>&#39;</span> 
     </span>
     <span class='ocr_line' id='line_1_56' title="bbox 133 3928 1760 4034; baseline -0.002 -46"><span class='ocrx_word' id='word_1_494' title='bbox 133 3934 234 3988; x_wconf 72' lang='grc' dir='ltr'><strong><em>π’ππππι</em></strong></span> <span class='ocrx_word' id='word_1_495' title='bbox 249 3931 323 3986; x_wconf 82' lang='lat' dir='ltr'><strong><em>nolis</em></strong></span> <span class='ocrx_word' id='word_1_496' title='bbox 333 3930 480 4000; x_wconf 86' lang='lat' dir='ltr'><strong><em>relinquite.</em></strong></span> <span class='ocrx_word' id='word_1_497' title='bbox 496 3928 566 4001; x_wconf 67' lang='grc'><strong><em>511.</em></strong></span> <span class='ocrx_word' id='word_1_498' title='bbox 578 3929 646 3984; x_wconf 87' lang='lat' dir='ltr'><strong><em>ltenr</em></strong></span> <span class='ocrx_word' id='word_1_499' title='bbox 658 3931 781 4002; x_wconf 79' lang='lat' dir='ltr'><strong><em>pracepit</em></strong></span> <span class='ocrx_word' id='word_1_500' title='bbox 793 3928 922 3986; x_wconf 82' lang='lat' dir='ltr'><strong><em>liominus</em></strong></span> <span class='ocrx_word' id='word_1_501' title='bbox 972 3952 1004 4008; x_wconf 46' lang='lat' dir='ltr'><strong><em>c·</em></strong></span> <span class='ocrx_word' id='word_1_502' title='bbox 1031 3950 1051 4006; x_wconf 68' lang='lat' dir='ltr'><strong><em>q</em></strong></span> <span class='ocrx_word' id='word_1_503' title='bbox 1077 3949 1146 4018; x_wconf 66' lang='lat'><strong><em>0„</em></strong></span> <span class='ocrx_word' id='word_1_504' title='bbox 1169 3953 1280 4034; x_wconf 57' lang='lat' dir='ltr'><strong><em>mm</em></strong></span> <span class='ocrx_word' id='word_1_505' title='bbox 1295 3953 1377 4008; x_wconf 55' lang='grc' dir='ltr'><strong><em>Μὴ</em></strong></span> <span class='ocrx_word' id='word_1_506' title='bbox 1392 3953 1424 4008; x_wconf 63' lang='lat' dir='ltr'><strong><em>,q</em></strong></span> <span class='ocrx_word' id='word_1_507' title='bbox 1446 3954 1573 4023; x_wconf 52' lang='lat' dir='ltr'><strong><em>‘&#39;n-„opp</em></strong></span> <span class='ocrx_word' id='word_1_508' title='bbox 1593 3955 1760 4025; x_wconf 57' lang='lat' dir='ltr'><strong><em>mmm„</em></strong></span> 
     </span>
     <span class='ocr_line' id='line_1_57' title="bbox 133 4020 1550 4094; baseline 0.001 -16"><span class='ocrx_word' id='word_1_509' title='bbox 133 4023 271 4094; x_wconf 78' lang='lat' dir='ltr'><strong><em>discipulis</em></strong></span> <span class='ocrx_word' id='word_1_510' title='bbox 294 4021 362 4088; x_wconf 90' lang='lat' dir='ltr'><strong><em>suis,</em></strong></span> <span class='ocrx_word' id='word_1_511' title='bbox 386 4031 415 4074; x_wconf 88' lang='lat' dir='ltr'><strong><em>ut</em></strong></span> <span class='ocrx_word' id='word_1_512' title='bbox 444 4020 606 4077; x_wconf 76' lang='lat' dir='ltr'><strong><em>consederent</em></strong></span> <span class='ocrx_word' id='word_1_513' title='bbox 627 4031 653 4077; x_wconf 90' lang='lat' dir='ltr'><strong><em>et</em></strong></span> <span class='ocrx_word' id='word_1_514' title='bbox 676 4023 923 4094; x_wconf 65' lang='lat' dir='ltr'><strong><em>liberalemque</em></strong></span> <span class='ocrx_word' id='word_1_515' title='bbox 1200 4038 1264 4093; x_wconf 73' lang='lat' dir='ltr'><strong><em>Jure</em></strong></span> <span class='ocrx_word' id='word_1_516' title='bbox 1276 4023 1308 4078; x_wconf 89' lang='lat' dir='ltr'><strong><em>ui</em></strong></span> <span class='ocrx_word' id='word_1_517' title='bbox 1320 4024 1357 4078; x_wconf 86' lang='lat' dir='ltr'><strong><em>cis</em></strong></span> <span class='ocrx_word' id='word_1_518' title='bbox 1370 4025 1550 4080; x_wconf 77' lang='lat' dir='ltr'><strong><em>vendicantur.</em></strong></span> 
     </span>
    </p>

    <p class='ocr_par' dir='ltr' id='par_1_12' title="bbox 59 4114 1759 4644">
     <span class='ocr_line' id='line_1_58' title="bbox 134 4114 1757 4189; baseline 0.003 -18"><span class='ocrx_word' id='word_1_519' title='bbox 134 4118 206 4187; x_wconf 85' lang='lat' dir='ltr'><strong><em>apud</em></strong></span> <span class='ocrx_word' id='word_1_520' title='bbox 223 4115 360 4170; x_wconf 88' lang='lat' dir='ltr'><strong><em>auditores</em></strong></span> <span class='ocrx_word' id='word_1_521' title='bbox 375 4129 437 4169; x_wconf 86' lang='lat' dir='ltr'><strong><em>suos</em></strong></span> <span class='ocrx_word' id='word_1_522' title='bbox 453 4124 539 4182; x_wconf 88' lang='lat' dir='ltr'><strong><em>erant,</em></strong></span> <span class='ocrx_word' id='word_1_523' title='bbox 553 4114 599 4170; x_wconf 87' lang='lat' dir='ltr'><strong><em>sed</em></strong></span> <span class='ocrx_word' id='word_1_524' title='bbox 609 4130 662 4170; x_wconf 87' lang='lat' dir='ltr'><strong><em>noro</em></strong></span> <span class='ocrx_word' id='word_1_525' title='bbox 673 4114 754 4188; x_wconf 77' lang='lat' dir='ltr'><strong><em>jussit</em></strong></span> <span class='ocrx_word' id='word_1_526' title='bbox 766 4114 817 4180; x_wconf 80' lang='lat' dir='ltr'><strong><em>cis,</em></strong></span> <span class='ocrx_word' id='word_1_527' title='bbox 831 4115 918 4170; x_wconf 88' lang='lat' dir='ltr'><strong><em>stda·</em></strong></span> <span class='ocrx_word' id='word_1_528' title='bbox 1010 4115 1167 4172; x_wconf 78' lang='lat' dir='ltr'><strong><em>Facultates</em></strong></span> <span class='ocrx_word' id='word_1_529' title='bbox 1180 4116 1314 4182; x_wconf 63' lang='lat' dir='ltr'><strong><em>eccesiae,</em></strong></span> <span class='ocrx_word' id='word_1_530' title='bbox 1337 4133 1388 4174; x_wconf 90' lang='lat' dir='ltr'><strong><em>nee</em></strong></span> <span class='ocrx_word' id='word_1_531' title='bbox 1402 4132 1456 4174; x_wconf 91' lang='lat' dir='ltr'><strong><em>nou</em></strong></span> <span class='ocrx_word' id='word_1_532' title='bbox 1475 4126 1504 4172; x_wconf 86' lang='lat' dir='ltr'><strong><em>et</em></strong></span> <span class='ocrx_word' id='word_1_533' title='bbox 1521 4118 1663 4189; x_wconf 84' lang='lat' dir='ltr'><strong><em>direceses,</em></strong></span> <span class='ocrx_word' id='word_1_534' title='bbox 1678 4121 1757 4176; x_wconf 82' lang='lat' dir='ltr'><strong><em>&#39;si·¹</em></strong></span> 
     </span>
     <span class='ocr_line' id='line_1_59' title="bbox 134 4204 1755 4280; baseline 0.003 -18"><span class='ocrx_word' id='word_1_535' title='bbox 134 4207 221 4262; x_wconf 82' lang='lat' dir='ltr'><strong><em>minas</em></strong></span> <span class='ocrx_word' id='word_1_536' title='bbox 234 4207 268 4261; x_wconf 90' lang='lat' dir='ltr'><strong><em>de</em></strong></span> <span class='ocrx_word' id='word_1_537' title='bbox 280 4205 401 4262; x_wconf 65' lang='lat' dir='ltr'><strong><em>domiin</em></strong></span> <span class='ocrx_word' id='word_1_538' title='bbox 412 4207 468 4260; x_wconf 83' lang='lat' dir='ltr'><strong><em>soris</em></strong></span> <span class='ocrx_word' id='word_1_539' title='bbox 485 4207 622 4276; x_wconf 78' lang='lat' dir='ltr'><strong><em>ejicerent,</em></strong></span> <span class='ocrx_word' id='word_1_540' title='bbox 632 4214 656 4259; x_wconf 90' lang='lat' dir='ltr'><strong><em>et</em></strong></span> <span class='ocrx_word' id='word_1_541' title='bbox 667 4204 743 4262; x_wconf 86' lang='lat' dir='ltr'><strong><em>reios</em></strong></span> <span class='ocrx_word' id='word_1_542' title='bbox 757 4205 812 4260; x_wconf 89' lang='lat' dir='ltr'><strong><em>sais</em></strong></span> <span class='ocrx_word' id='word_1_543' title='bbox 821 4205 919 4276; x_wconf 85' lang='lat' dir='ltr'><strong><em>spolie·</em></strong></span> <span class='ocrx_word' id='word_1_544' title='bbox 972 4223 1036 4278; x_wconf 77' lang='lat' dir='ltr'><strong><em>qnae</em></strong></span> <span class='ocrx_word' id='word_1_545' title='bbox 1051 4207 1085 4262; x_wconf 85' lang='lat' dir='ltr'><strong><em>ab</em></strong></span> <span class='ocrx_word' id='word_1_546' title='bbox 1099 4205 1237 4278; x_wconf 82' lang='lat' dir='ltr'><strong><em>aliquibus</em></strong></span> <span class='ocrx_word' id='word_1_547' title='bbox 1252 4205 1263 4239; x_wconf 87' lang='lat'>⁸</span> <span class='ocrx_word' id='word_1_548' title='bbox 1278 4207 1451 4278; x_wconf 85' lang='lat' dir='ltr'><strong><em>possidentur</em></strong></span> <span class='ocrx_word' id='word_1_549' title='bbox 1466 4208 1755 4280; x_wconf 70' lang='lat' dir='ltr'><strong><em>episeopis,1&#39;uresiiri</em></strong></span> 
     </span>
     <span class='ocr_line' id='line_1_60' title="bbox 59 4295 1759 4373; baseline 0.002 -18"><span class='ocrx_word' id='word_1_550' title='bbox 59 4345 63 4355; x_wconf 85' lang='lat'><em>.</em></span> <span class='ocrx_word' id='word_1_551' title='bbox 137 4307 206 4353; x_wconf 87' lang='lat' dir='ltr'><strong><em>rent.</em></strong></span> <span class='ocrx_word' id='word_1_552' title='bbox 221 4295 284 4364; x_wconf 69' lang='lat' dir='ltr'><strong><em>Noas</em></strong></span> <span class='ocrx_word' id='word_1_553' title='bbox 295 4296 374 4367; x_wconf 79' lang='lat' dir='ltr'><strong><em>[urile</em></strong></span> <span class='ocrx_word' id='word_1_554' title='bbox 385 4299 522 4353; x_wconf 86' lang='lat' dir='ltr'><strong><em>inuenietis</em></strong></span> <span class='ocrx_word' id='word_1_555' title='bbox 539 4297 585 4369; x_wconf 93' lang='lat' dir='ltr'><strong><em>qui</em></strong></span> <span class='ocrx_word' id='word_1_556' title='bbox 601 4296 667 4351; x_wconf 88' lang='lat' dir='ltr'><strong><em>tales</em></strong></span> <span class='ocrx_word' id='word_1_557' title='bbox 682 4295 797 4364; x_wconf 78' lang='lat' dir='ltr'><strong><em>hospites</em></strong></span> <span class='ocrx_word' id='word_1_558' title='bbox 814 4296 924 4351; x_wconf 77' lang='lat' dir='ltr'><strong><em>libenter</em></strong></span> <span class='ocrx_word' id='word_1_559' title='bbox 974 4298 1131 4364; x_wconf 73' lang='lat' dir='ltr'><strong><em>vendicent,</em></strong></span> <span class='ocrx_word' id='word_1_560' title='bbox 1147 4298 1218 4368; x_wconf 91' lang='lat' dir='ltr'><strong><em>quod</em></strong></span> <span class='ocrx_word' id='word_1_561' title='bbox 1234 4297 1391 4354; x_wconf 79' lang='lat' dir='ltr'><strong><em>tricennalis</em></strong></span> <span class='ocrx_word' id='word_1_562' title='bbox 1406 4296 1448 4352; x_wconf 80' lang='lat' dir='ltr'><strong><em>les</em></strong></span> <span class='ocrx_word' id='word_1_563' title='bbox 1465 4297 1635 4366; x_wconf 61' lang='lat' dir='ltr'><strong><em>‘canelusiu</em></strong></span> <span class='ocrx_word' id='word_1_564' title='bbox 1653 4301 1715 4373; x_wconf 86' lang='lat' dir='ltr'><strong><em>quia</em></strong></span> <span class='ocrx_word' id='word_1_565' title='bbox 1731 4313 1759 4358; x_wconf 81' lang='lat' dir='ltr'><strong><em>ei</em></strong></span> 
     </span>
     <span class='ocr_line' id='line_1_61' title="bbox 136 4377 1759 4460; baseline 0.003 -17"><span class='ocrx_word' id='word_1_566' title='bbox 136 4389 294 4459; x_wconf 81' lang='lat' dir='ltr'><strong><em>suscipiunt.</em></strong></span> <span class='ocrx_word' id='word_1_567' title='bbox 317 4388 379 4443; x_wconf 79' lang='lat' dir='ltr'><strong><em>ilus</em></strong></span> <span class='ocrx_word' id='word_1_568' title='bbox 400 4389 430 4443; x_wconf 88' lang='lat' dir='ltr'><strong><em>in</em></strong></span> <span class='ocrx_word' id='word_1_569' title='bbox 453 4405 528 4458; x_wconf 84' lang='lat' dir='ltr'><strong><em>pera,</em></strong></span> <span class='ocrx_word' id='word_1_570' title='bbox 553 4389 623 4460; x_wconf 84' lang='lat' dir='ltr'><strong><em>iqnle</em></strong></span> <span class='ocrx_word' id='word_1_571' title='bbox 642 4388 671 4442; x_wconf 91' lang='lat' dir='ltr'><strong><em>irs</em></strong></span> <span class='ocrx_word' id='word_1_572' title='bbox 690 4389 761 4453; x_wconf 77' lang='grc' dir='ltr'><em>π’ππ,</em></span> <span class='ocrx_word' id='word_1_573' title='bbox 779 4377 923 4458; x_wconf 72' lang='lat' dir='ltr'><strong><em>serpensin</em></strong></span> <span class='ocrx_word' id='word_1_574' title='bbox 974 4389 1091 4444; x_wconf 78' lang='lat' dir='ltr'><strong><em>liliorum</em></strong></span> <span class='ocrx_word' id='word_1_575' title='bbox 1101 4399 1261 4444; x_wconf 80' lang='lat' dir='ltr'><strong><em>moserorum</em></strong></span> <span class='ocrx_word' id='word_1_576' title='bbox 1282 4389 1433 4460; x_wconf 85' lang='lat' dir='ltr'><strong><em>principum</em></strong></span> <span class='ocrx_word' id='word_1_577' title='bbox 1456 4388 1494 4443; x_wconf 87' lang='lat' dir='ltr'><strong><em>itu</em></strong></span> <span class='ocrx_word' id='word_1_578' title='bbox 1508 4391 1645 4447; x_wconf 84' lang='lat' dir='ltr'><strong><em>emanarit</em></strong></span> <span class='ocrx_word' id='word_1_579' title='bbox 1662 4403 1759 4450; x_wconf 85' lang='lat' dir='ltr'><strong><em>sueto·</em></strong></span> 
     </span>
     <span class='ocr_line' id='line_1_62' title="bbox 136 4477 1758 4561; baseline 0.006 -30"><span class='ocrx_word' id='word_1_580' title='bbox 136 4479 235 4550; x_wconf 86' lang='lat' dir='ltr'><strong><em>qrserrio</em></strong></span> <span class='ocrx_word' id='word_1_581' title='bbox 248 4479 318 4534; x_wconf 70' lang='lat' dir='ltr'><strong><em>reule</em></strong></span> <span class='ocrx_word' id='word_1_582' title='bbox 337 4495 399 4535; x_wconf 82' lang='lat' dir='ltr'><strong><em>esron</em></strong></span> <span class='ocrx_word' id='word_1_583' title='bbox 412 4489 578 4534; x_wconf 74' lang='lat' dir='ltr'><strong><em>remuncmtrt</em></strong></span> <span class='ocrx_word' id='word_1_584' title='bbox 597 4480 722 4551; x_wconf 86' lang='lat' dir='ltr'><strong><em>ltoeplles.</em></strong></span> <span class='ocrx_word' id='word_1_585' title='bbox 735 4477 921 4550; x_wconf 85' lang='lat' dir='ltr'><strong><em>lltttlet&#39;npro·</em></strong></span> <span class='ocrx_word' id='word_1_586' title='bbox 938 4507 960 4561; x_wconf 68' lang='lat' dir='ltr'>n</span> <span class='ocrx_word' id='word_1_587' title='bbox 975 4482 1051 4548; x_wconf 81' lang='lat' dir='ltr'><strong><em>ritas,</em></strong></span> <span class='ocrx_word' id='word_1_588' title='bbox 1063 4489 1092 4534; x_wconf 85' lang='lat' dir='ltr'><strong><em>ut</em></strong></span> <span class='ocrx_word' id='word_1_589' title='bbox 1109 4479 1178 4534; x_wconf 78' lang='lat' dir='ltr'><strong><em>nitra</em></strong></span> <span class='ocrx_word' id='word_1_590' title='bbox 1189 4477 1273 4535; x_wconf 73' lang='lat' dir='ltr'><strong><em>XXX.</em></strong></span> <span class='ocrx_word' id='word_1_591' title='bbox 1288 4494 1374 4536; x_wconf 82' lang='lat' dir='ltr'><strong><em>annos</em></strong></span> <span class='ocrx_word' id='word_1_592' title='bbox 1384 4479 1449 4534; x_wconf 87' lang='lat' dir='ltr'><strong><em>nulii</em></strong></span> <span class='ocrx_word' id='word_1_593' title='bbox 1466 4481 1545 4536; x_wconf 80' lang='lat' dir='ltr'><strong><em>liceat</em></strong></span> <span class='ocrx_word' id='word_1_594' title='bbox 1555 4496 1605 4553; x_wconf 87' lang='lat' dir='ltr'><strong><em>pro</em></strong></span> <span class='ocrx_word' id='word_1_595' title='bbox 1618 4497 1652 4540; x_wconf 81' lang='lat' dir='ltr'><strong><em>eo</em></strong></span> <span class='ocrx_word' id='word_1_596' title='bbox 1666 4485 1758 4556; x_wconf 74' lang='lat' dir='ltr'><strong><em>appel·</em></strong></span> 
     </span>
     <span class='ocr_line' id='line_1_63' title="bbox 138 4561 1512 4644; baseline -0.003 -16"><span class='ocrx_word' id='word_1_597' title='bbox 138 4573 231 4628; x_wconf 86' lang='lat' dir='ltr'><strong><em>oeriiis</em></strong></span> <span class='ocrx_word' id='word_1_598' title='bbox 244 4572 367 4628; x_wconf 84' lang='lat' dir='ltr'><strong><em>dicitnr:</em></strong></span> <span class='ocrx_word' id='word_1_599' title='bbox 383 4572 434 4638; x_wconf 79' lang='lat' dir='ltr'><strong><em>Qui</em></strong></span> <span class='ocrx_word' id='word_1_600' title='bbox 451 4579 603 4643; x_wconf 83' lang='lat' dir='ltr'><strong><em>serpentem</em></strong></span> <span class='ocrx_word' id='word_1_601' title='bbox 629 4572 656 4626; x_wconf 89' lang='lat' dir='ltr'><strong><em>in</em></strong></span> <span class='ocrx_word' id='word_1_602' title='bbox 671 4571 732 4629; x_wconf 85' lang='lat' dir='ltr'><strong><em>sinu</em></strong></span> <span class='ocrx_word' id='word_1_603' title='bbox 746 4573 846 4638; x_wconf 84' lang='lat' dir='ltr'><strong><em>nutrit,</em></strong></span> <span class='ocrx_word' id='word_1_604' title='bbox 860 4588 921 4644; x_wconf 85' lang='lat' dir='ltr'><strong><em>per·</em></strong></span> <span class='ocrx_word' id='word_1_605' title='bbox 973 4570 1041 4634; x_wconf 83' lang='lat' dir='ltr'><strong><em>lure,</em></strong></span> <span class='ocrx_word' id='word_1_606' title='bbox 1056 4561 1231 4641; x_wconf 80' lang='lat' dir='ltr'><strong><em>quod&#39;ieqarn</em></strong></span> <span class='ocrx_word' id='word_1_607' title='bbox 1252 4578 1358 4641; x_wconf 88' lang='lat' dir='ltr'><strong><em>tempus</em></strong></span> <span class='ocrx_word' id='word_1_608' title='bbox 1375 4569 1475 4625; x_wconf 77' lang='lat' dir='ltr'><strong><em>extasin</em></strong></span> <span class='ocrx_word' id='word_1_609' title='bbox 1486 4570 1512 4624; x_wconf 70' lang='lat'><strong><em>¹¹.</em></strong></span> 
     </span>
    </p>

    <p class='ocr_par' dir='ltr' id='par_1_13' title="bbox 135 4657 1761 5016">
     <span class='ocr_line' id='line_1_64' title="bbox 135 4657 1759 4735; baseline -0.002 -13"><span class='ocrx_word' id='word_1_610' title='bbox 135 4666 255 4722; x_wconf 68' lang='lat' dir='ltr'><strong><em>custeint</em></strong></span> <span class='ocrx_word' id='word_1_611' title='bbox 268 4667 305 4721; x_wconf 81' lang='lat' dir='ltr'><strong><em>sb</em></strong></span> <span class='ocrx_word' id='word_1_612' title='bbox 317 4679 361 4720; x_wconf 85' lang='lat' dir='ltr'><strong><em>eo.</em></strong></span> <span class='ocrx_word' id='word_1_613' title='bbox 378 4662 455 4718; x_wconf 78' lang='lat' dir='ltr'><strong><em>Tales</em></strong></span> <span class='ocrx_word' id='word_1_614' title='bbox 473 4664 612 4718; x_wconf 83' lang='lat' dir='ltr'><strong><em>inserriatis</em></strong></span> <span class='ocrx_word' id='word_1_615' title='bbox 629 4664 700 4718; x_wconf 83' lang='lat' dir='ltr'><strong><em>nolis</em></strong></span> <span class='ocrx_word' id='word_1_616' title='bbox 719 4663 843 4733; x_wconf 69' lang='lat' dir='ltr'><strong><em>hospites,</em></strong></span> <span class='ocrx_word' id='word_1_617' title='bbox 857 4680 923 4735; x_wconf 89' lang='lat' dir='ltr'><strong><em>qua·</em></strong></span> <span class='ocrx_word' id='word_1_618' title='bbox 1008 4659 1132 4716; x_wconf 81' lang='lat' dir='ltr'><strong><em>Gratiam.</em></strong></span> <span class='ocrx_word' id='word_1_619' title='bbox 1153 4659 1187 4713; x_wconf 76' lang='lat' dir='ltr'><strong><em>dt</em></strong></span> <span class='ocrx_word' id='word_1_620' title='bbox 1210 4659 1249 4714; x_wconf 92' lang='lat' dir='ltr'><strong><em>illi</em></strong></span> <span class='ocrx_word' id='word_1_621' title='bbox 1267 4675 1372 4716; x_wconf 86' lang='lat' dir='ltr'><strong><em>econtra</em></strong></span> <span class='ocrx_word' id='word_1_622' title='bbox 1387 4677 1394 4714; x_wconf 93' lang='lat'>:</span> <span class='ocrx_word' id='word_1_623' title='bbox 1416 4657 1500 4729; x_wconf 79' lang='lat' dir='ltr'><strong><em>Cujus</em></strong></span> <span class='ocrx_word' id='word_1_624' title='bbox 1518 4661 1759 4723; x_wconf 84' lang='lat' dir='ltr'><strong><em>auetoritatenolris</em></strong></span> 
     </span>
     <span class='ocr_line' id='line_1_65' title="bbox 137 4752 1760 4826; baseline 0.001 -14"><span class='ocrx_word' id='word_1_625' title='bbox 137 4755 175 4813; x_wconf 87' lang='lat' dir='ltr'><strong><em>len</em></strong></span> <span class='ocrx_word' id='word_1_626' title='bbox 194 4757 337 4811; x_wconf 67' lang='lat' dir='ltr'><strong><em>numerere</em></strong></span> <span class='ocrx_word' id='word_1_627' title='bbox 359 4755 447 4811; x_wconf 84' lang='lat' dir='ltr'><strong><em>ruitis.</em></strong></span> <span class='ocrx_word' id='word_1_628' title='bbox 471 4754 532 4809; x_wconf 76' lang='lat' dir='ltr'><strong><em>Non</em></strong></span> <span class='ocrx_word' id='word_1_629' title='bbox 546 4755 640 4826; x_wconf 73' lang='lat' dir='ltr'><strong><em>suffieit</em></strong></span> <span class='ocrx_word' id='word_1_630' title='bbox 662 4756 734 4810; x_wconf 88' lang='lat' dir='ltr'><strong><em>rolris</em></strong></span> <span class='ocrx_word' id='word_1_631' title='bbox 746 4757 824 4810; x_wconf 90' lang='lat' dir='ltr'><strong><em>edere</em></strong></span> <span class='ocrx_word' id='word_1_632' title='bbox 841 4767 867 4810; x_wconf 88' lang='lat' dir='ltr'><strong><em>et</em></strong></span> <span class='ocrx_word' id='word_1_633' title='bbox 882 4757 922 4811; x_wconf 83' lang='lat' dir='ltr'><strong><em>ii·</em></strong></span> <span class='ocrx_word' id='word_1_634' title='bbox 972 4752 1106 4808; x_wconf 87' lang='lat' dir='ltr'><strong><em>silesrtium</em></strong></span> <span class='ocrx_word' id='word_1_635' title='bbox 1127 4752 1275 4822; x_wconf 87' lang='lat' dir='ltr'><strong><em>imponitis,</em></strong></span> <span class='ocrx_word' id='word_1_636' title='bbox 1296 4752 1413 4819; x_wconf 76' lang='lat' dir='ltr'><strong><em>eiusdem</em></strong></span> <span class='ocrx_word' id='word_1_637' title='bbox 1432 4756 1590 4820; x_wconf 72' lang='lat' dir='ltr'><strong><em>auctoritate</em></strong></span> <span class='ocrx_word' id='word_1_638' title='bbox 1612 4767 1696 4812; x_wconf 86' lang='lat' dir='ltr'><strong><em>restra</em></strong></span> <span class='ocrx_word' id='word_1_639' title='bbox 1711 4773 1760 4814; x_wconf 92' lang='lat' dir='ltr'><strong><em>ora</em></strong></span> 
     </span>
     <span class='ocr_line' id='line_1_66' title="bbox 137 4841 1759 4920; baseline 0.001 -16"><span class='ocrx_word' id='word_1_640' title='bbox 137 4849 197 4904; x_wconf 87' lang='lat' dir='ltr'><strong><em>lere</em></strong></span> <span class='ocrx_word' id='word_1_641' title='bbox 210 4865 268 4916; x_wconf 87' lang='lat' dir='ltr'><strong><em>quae</em></strong></span> <span class='ocrx_word' id='word_1_642' title='bbox 280 4849 308 4902; x_wconf 92' lang='lat' dir='ltr'><strong><em>in</em></strong></span> <span class='ocrx_word' id='word_1_643' title='bbox 321 4849 400 4902; x_wconf 92' lang='lat' dir='ltr'><strong><em>domo</em></strong></span> <span class='ocrx_word' id='word_1_644' title='bbox 416 4857 505 4902; x_wconf 91' lang='lat' dir='ltr'><strong><em>nostro</em></strong></span> <span class='ocrx_word' id='word_1_645' title='bbox 517 4853 591 4914; x_wconf 92' lang='lat' dir='ltr'><strong><em>sunt,</em></strong></span> <span class='ocrx_word' id='word_1_646' title='bbox 603 4844 666 4899; x_wconf 88' lang='lat' dir='ltr'><strong><em>dunt</em></strong></span> <span class='ocrx_word' id='word_1_647' title='bbox 684 4845 850 4917; x_wconf 86' lang='lat' dir='ltr'><strong><em>quotidianos</em></strong></span> <span class='ocrx_word' id='word_1_648' title='bbox 862 4846 921 4916; x_wconf 77' lang='lat' dir='ltr'><strong><em>sru-</em></strong></span> <span class='ocrx_word' id='word_1_649' title='bbox 974 4844 1134 4899; x_wconf 86' lang='lat' dir='ltr'><strong><em>claudimus.</em></strong></span> <span class='ocrx_word' id='word_1_650' title='bbox 1149 4845 1193 4898; x_wconf 80' lang='lat' dir='ltr'><strong><em>rtr&#39;r</em></strong></span> <span class='ocrx_word' id='word_1_651' title='bbox 1216 4847 1285 4900; x_wconf 87' lang='lat' dir='ltr'><strong><em>eninr</em></strong></span> <span class='ocrx_word' id='word_1_652' title='bbox 1300 4845 1368 4899; x_wconf 90' lang='lat' dir='ltr'><strong><em>idem</em></strong></span> <span class='ocrx_word' id='word_1_653' title='bbox 1393 4841 1513 4901; x_wconf 83' lang='lat' dir='ltr'><strong><em>Gelaslus</em></strong></span> <span class='ocrx_word' id='word_1_654' title='bbox 1538 4862 1548 4901; x_wconf 89' lang='lat'>:</span> <span class='ocrx_word' id='word_1_655' title='bbox 1568 4843 1645 4902; x_wconf 81' lang='lat' dir='ltr'><strong><em>Nulla</em></strong></span> <span class='ocrx_word' id='word_1_656' title='bbox 1662 4852 1674 4886; x_wconf 80' lang='lat'>⁸</span> <span class='ocrx_word' id='word_1_657' title='bbox 1689 4863 1759 4920; x_wconf 78' lang='lat' dir='ltr'><strong><em>prae·</em></strong></span> 
     </span>
     <span class='ocr_line' id='line_1_67' title="bbox 139 4934 1761 5016; baseline -0.003 -19"><span class='ocrx_word' id='word_1_658' title='bbox 139 4952 197 4997; x_wconf 89' lang='lat' dir='ltr'><strong><em>etus</em></strong></span> <span class='ocrx_word' id='word_1_659' title='bbox 211 4939 373 4994; x_wconf 74' lang='lat' dir='ltr'><strong><em>oblationum</em></strong></span> <span class='ocrx_word' id='word_1_660' title='bbox 385 4938 535 5016; x_wconf 81' lang='lat' dir='ltr'><strong><em>percipitis,</em></strong></span> <span class='ocrx_word' id='word_1_661' title='bbox 554 4953 587 4992; x_wconf 78' lang='lat' dir='ltr'><strong><em>en</em></strong></span> <span class='ocrx_word' id='word_1_662' title='bbox 596 4936 690 5007; x_wconf 80' lang='lat' dir='ltr'><strong><em>quidus</em></strong></span> <span class='ocrx_word' id='word_1_663' title='bbox 703 4937 798 4990; x_wconf 87' lang='lat' dir='ltr'><strong><em>ricturn</em></strong></span> <span class='ocrx_word' id='word_1_664' title='bbox 808 4946 835 4991; x_wconf 89' lang='lat' dir='ltr'><strong><em>st</em></strong></span> <span class='ocrx_word' id='word_1_665' title='bbox 847 4941 923 4994; x_wconf 85' lang='lat' dir='ltr'><strong><em>nesti-</em></strong></span> <span class='ocrx_word' id='word_1_666' title='bbox 975 4934 1111 4990; x_wconf 85' lang='lat' dir='ltr'><strong><em>sunrtione</em></strong></span> <span class='ocrx_word' id='word_1_667' title='bbox 1125 4944 1227 4990; x_wconf 82' lang='lat' dir='ltr'><strong><em>etatum</em></strong></span> <span class='ocrx_word' id='word_1_668' title='bbox 1238 4935 1438 5006; x_wconf 76' lang='lat' dir='ltr'><strong><em>parochiarum,</em></strong></span> <span class='ocrx_word' id='word_1_669' title='bbox 1451 4944 1504 4991; x_wconf 87' lang='lat' dir='ltr'><strong><em>ete.</em></strong></span> <span class='ocrx_word' id='word_1_670' title='bbox 1515 4935 1545 4992; x_wconf 85' lang='lat' dir='ltr'><strong><em>Si</em></strong></span> <span class='ocrx_word' id='word_1_671' title='bbox 1557 4953 1618 5008; x_wconf 86' lang='lat' dir='ltr'><strong><em>erqo</em></strong></span> <span class='ocrx_word' id='word_1_672' title='bbox 1629 4948 1761 5008; x_wconf 76' lang='lat' dir='ltr'><strong><em>tenpora-</em></strong></span> 
     </span>
    </p>
   </div>
   <div class='ocr_carea' id='block_1_8' title="bbox 973 3231 1760 3770">
    <p class='ocr_par' dir='ltr' id='par_1_14' title="bbox 973 3231 1760 3770">
     <span class='ocr_line' id='line_1_68' title="bbox 1010 3231 1760 3313; baseline 0.02 -27"><span class='ocrx_word' id='word_1_673' title='bbox 1010 3233 1029 3287; x_wconf 85' lang='lat' dir='ltr'><strong><em>i.</em></strong></span> <span class='ocrx_word' id='word_1_674' title='bbox 1042 3231 1121 3288; x_wconf 65' lang='lat' dir='ltr'><strong><em>Pers.</em></strong></span> <span class='ocrx_word' id='word_1_675' title='bbox 1139 3235 1181 3289; x_wconf 82' lang='lat' dir='ltr'><strong><em>td</em></strong></span> <span class='ocrx_word' id='word_1_676' title='bbox 1197 3236 1254 3291; x_wconf 77' lang='lat' dir='ltr'><strong><em>trec</em></strong></span> <span class='ocrx_word' id='word_1_677' title='bbox 1269 3253 1277 3289; x_wconf 81' lang='lat' dir='ltr'><strong><em>r</em></strong></span> <span class='ocrx_word' id='word_1_678' title='bbox 1296 3235 1489 3294; x_wconf 72' lang='lat' dir='ltr'><strong><em>decimationes</em></strong></span> <span class='ocrx_word' id='word_1_679' title='bbox 1503 3241 1571 3309; x_wconf 82' lang='lat' dir='ltr'><strong><em>istae,</em></strong></span> <span class='ocrx_word' id='word_1_680' title='bbox 1584 3243 1632 3297; x_wconf 87' lang='lat' dir='ltr'><strong><em>eret</em></strong></span> <span class='ocrx_word' id='word_1_681' title='bbox 1641 3243 1703 3313; x_wconf 79' lang='lat' dir='ltr'><strong><em>jure</em></strong></span> <span class='ocrx_word' id='word_1_682' title='bbox 1716 3261 1760 3300; x_wconf 87' lang='lat' dir='ltr'><strong><em>no-</em></strong></span> 
     </span>
     <span class='ocr_line' id='line_1_69' title="bbox 974 3322 1759 3404; baseline 0.018 -28"><span class='ocrx_word' id='word_1_683' title='bbox 974 3323 1014 3377; x_wconf 85' lang='lat' dir='ltr'><strong><em>tris</em></strong></span> <span class='ocrx_word' id='word_1_684' title='bbox 1026 3322 1163 3390; x_wconf 81' lang='lat' dir='ltr'><strong><em>detenter,</em></strong></span> <span class='ocrx_word' id='word_1_685' title='bbox 1180 3335 1209 3382; x_wconf 87' lang='lat' dir='ltr'><strong><em>ut</em></strong></span> <span class='ocrx_word' id='word_1_686' title='bbox 1225 3327 1358 3394; x_wconf 86' lang='lat' dir='ltr'><strong><em>·asser·itis,</em></strong></span> <span class='ocrx_word' id='word_1_687' title='bbox 1377 3337 1464 3385; x_wconf 88' lang='lat' dir='ltr'><strong><em>torncn</em></strong></span> <span class='ocrx_word' id='word_1_688' title='bbox 1481 3331 1634 3387; x_wconf 82' lang='lat' dir='ltr'><strong><em>tricasnulis</em></strong></span> <span class='ocrx_word' id='word_1_689' title='bbox 1648 3335 1759 3404; x_wconf 77' lang='lat' dir='ltr'><strong><em>adjectio</em></strong></span> 
     </span>
     <span class='ocr_line' id='line_1_70' title="bbox 973 3413 1760 3485; baseline 0.02 -17"><span class='ocrx_word' id='word_1_690' title='bbox 973 3413 1045 3470; x_wconf 85' lang='lat' dir='ltr'><strong><em>soils</em></strong></span> <span class='ocrx_word' id='word_1_691' title='bbox 1063 3415 1201 3473; x_wconf 81' lang='lat' dir='ltr'><strong><em>silentium</em></strong></span> <span class='ocrx_word' id='word_1_692' title='bbox 1221 3420 1344 3485; x_wconf 85' lang='lat' dir='ltr'><strong><em>imponit.</em></strong></span> <span class='ocrx_word' id='word_1_693' title='bbox 1365 3419 1461 3478; x_wconf 81' lang='lat' dir='ltr'><strong><em>Omnis</em></strong></span> <span class='ocrx_word' id='word_1_694' title='bbox 1484 3426 1553 3479; x_wconf 89' lang='lat' dir='ltr'><strong><em>enim</em></strong></span> <span class='ocrx_word' id='word_1_695' title='bbox 1569 3429 1697 3484; x_wconf 76' lang='lat' dir='ltr'><strong><em>uossmsio</em></strong></span> <span class='ocrx_word' id='word_1_696' title='bbox 1711 3431 1760 3484; x_wconf 86' lang='lat' dir='ltr'><strong><em>rri-</em></strong></span> 
     </span>
     <span class='ocr_line' id='line_1_71' title="bbox 973 3508 1760 3590; baseline 0.018 -30"><span class='ocrx_word' id='word_1_697' title='bbox 973 3508 1099 3562; x_wconf 80' lang='lat' dir='ltr'><strong><em>eenneriu</em></strong></span> <span class='ocrx_word' id='word_1_698' title='bbox 1123 3511 1324 3581; x_wconf 79' lang='lat' dir='ltr'><strong><em>prescriptione</em></strong></span> <span class='ocrx_word' id='word_1_699' title='bbox 1347 3512 1459 3580; x_wconf 87' lang='lat' dir='ltr'><strong><em>tollitur,</em></strong></span> <span class='ocrx_word' id='word_1_700' title='bbox 1488 3517 1531 3570; x_wconf 84' lang='lat' dir='ltr'><strong><em>nel</em></strong></span> <span class='ocrx_word' id='word_1_701' title='bbox 1549 3517 1760 3590; x_wconf 78' lang='lat' dir='ltr'><strong><em>quadruqsrsuriu</em></strong></span> 
     </span>
     <span class='ocr_line' id='line_1_72' title="bbox 974 3599 1760 3682; baseline 0.018 -28"><span class='ocrx_word' id='word_1_702' title='bbox 974 3599 1058 3671; x_wconf 85' lang='lat' dir='ltr'><strong><em>(sicet</em></strong></span> <span class='ocrx_word' id='word_1_703' title='bbox 1073 3603 1249 3673; x_wconf 84' lang='lat' dir='ltr'><strong><em>possessiones</em></strong></span> <span class='ocrx_word' id='word_1_704' title='bbox 1272 3605 1456 3675; x_wconf 86' lang='lat' dir='ltr'><strong><em>reliqiaearurn</em></strong></span> <span class='ocrx_word' id='word_1_705' title='bbox 1480 3607 1634 3682; x_wconf 76' lang='lat' dir='ltr'><strong><em>armornm)</em></strong></span> <span class='ocrx_word' id='word_1_706' title='bbox 1649 3609 1687 3667; x_wconf 86' lang='lat' dir='ltr'><strong><em>rel</em></strong></span> <span class='ocrx_word' id='word_1_707' title='bbox 1701 3625 1760 3669; x_wconf 86' lang='lat' dir='ltr'><strong><em>cen-</em></strong></span> 
     </span>
     <span class='ocr_line' id='line_1_73' title="bbox 974 3695 1697 3770; baseline 0.018 -23"><span class='ocrx_word' id='word_1_708' title='bbox 974 3695 1089 3762; x_wconf 82' lang='lat' dir='ltr'><strong><em>tenen&#39;a,</em></strong></span> <span class='ocrx_word' id='word_1_709' title='bbox 1101 3697 1171 3752; x_wconf 76' lang='lat' dir='ltr'><strong><em>daut</em></strong></span> <span class='ocrx_word' id='word_1_710' title='bbox 1179 3699 1306 3770; x_wconf 80' lang='lat' dir='ltr'><strong><em>predicta</em></strong></span> <span class='ocrx_word' id='word_1_711' title='bbox 1322 3709 1419 3754; x_wconf 85' lang='lat' dir='ltr'><strong><em>runetre</em></strong></span> <span class='ocrx_word' id='word_1_712' title='bbox 1432 3698 1559 3757; x_wconf 82' lang='lat' dir='ltr'><strong><em>liomanse</em></strong></span> <span class='ocrx_word' id='word_1_713' title='bbox 1573 3697 1697 3759; x_wconf 66' lang='lat' dir='ltr'><strong><em>&amp;acurio</em></strong></span> 
     </span>
    </p>
   </div>
   <div class='ocr_carea' id='block_1_9' title="bbox 137 5024 1760 5382">
    <p class='ocr_par' dir='ltr' id='par_1_15' title="bbox 137 5024 1760 5382">
     <span class='ocr_line' id='line_1_74' title="bbox 139 5024 1760 5097; baseline -0.002 -11"><span class='ocrx_word' id='word_1_714' title='bbox 139 5039 197 5086; x_wconf 85' lang='lat' dir='ltr'><strong><em>tunt</em></strong></span> <span class='ocrx_word' id='word_1_715' title='bbox 216 5030 344 5094; x_wconf 76' lang='lat' dir='ltr'><strong><em>doleatis,</em></strong></span> <span class='ocrx_word' id='word_1_716' title='bbox 365 5027 459 5097; x_wconf 79' lang='lat' dir='ltr'><strong><em>quibus</em></strong></span> <span class='ocrx_word' id='word_1_717' title='bbox 484 5042 544 5082; x_wconf 87' lang='lat' dir='ltr'><strong><em>eune</em></strong></span> <span class='ocrx_word' id='word_1_718' title='bbox 562 5025 688 5097; x_wconf 74' lang='lat' dir='ltr'><strong><em>Apostolo</em></strong></span> <span class='ocrx_word' id='word_1_719' title='bbox 709 5026 732 5058; x_wconf 83' lang='lat'><strong><em>¹⁸</em></strong></span> <span class='ocrx_word' id='word_1_720' title='bbox 755 5028 852 5082; x_wconf 78' lang='lat' dir='ltr'><strong><em>deletis</em></strong></span> <span class='ocrx_word' id='word_1_721' title='bbox 867 5045 922 5083; x_wconf 88' lang='lat' dir='ltr'><strong><em>csse</em></strong></span> <span class='ocrx_word' id='word_1_722' title='bbox 940 5035 945 5046; x_wconf 84' lang='lat'><em>&#39;</em></span> <span class='ocrx_word' id='word_1_723' title='bbox 974 5024 1008 5078; x_wconf 89' lang='lat' dir='ltr'><strong><em>lie</em></strong></span> <span class='ocrx_word' id='word_1_724' title='bbox 1023 5025 1134 5096; x_wconf 81' lang='lat' dir='ltr'><strong><em>oijeetso</em></strong></span> <span class='ocrx_word' id='word_1_725' title='bbox 1145 5027 1277 5082; x_wconf 81' lang='lat' dir='ltr'><strong><em>diseaesirn</em></strong></span> <span class='ocrx_word' id='word_1_726' title='bbox 1293 5033 1375 5081; x_wconf 86' lang='lat' dir='ltr'><strong><em>semet</em></strong></span> <span class='ocrx_word' id='word_1_727' title='bbox 1395 5027 1562 5082; x_wconf 84' lang='lat' dir='ltr'><strong><em>constitutum</em></strong></span> <span class='ocrx_word' id='word_1_728' title='bbox 1576 5028 1697 5085; x_wconf 83' lang='lat' dir='ltr'><strong><em>diuellere</em></strong></span> <span class='ocrx_word' id='word_1_729' title='bbox 1708 5045 1760 5084; x_wconf 92' lang='lat' dir='ltr'><strong><em>non</em></strong></span> 
     </span>
     <span class='ocr_line' id='line_1_75' title="bbox 138 5117 1760 5194; baseline -0.002 -15"><span class='ocrx_word' id='word_1_730' title='bbox 138 5125 273 5191; x_wconf 75' lang='lat' dir='ltr'><strong><em>eontenti5</em></strong></span> <span class='ocrx_word' id='word_1_731' title='bbox 299 5123 345 5179; x_wconf 90' lang='lat' dir='ltr'><strong><em>sed</em></strong></span> <span class='ocrx_word' id='word_1_732' title='bbox 366 5138 419 5178; x_wconf 88' lang='grc' dir='ltr'><strong><em>παπ</em></strong></span> <span class='ocrx_word' id='word_1_733' title='bbox 439 5121 529 5191; x_wconf 87' lang='lat' dir='ltr'><strong><em>eultie,</em></strong></span> <span class='ocrx_word' id='word_1_734' title='bbox 549 5123 614 5194; x_wconf 91' lang='lat' dir='ltr'><strong><em>qnia</em></strong></span> <span class='ocrx_word' id='word_1_735' title='bbox 638 5123 784 5177; x_wconf 88' lang='lat' dir='ltr'><strong><em>imitatores</em></strong></span> <span class='ocrx_word' id='word_1_736' title='bbox 801 5119 922 5190; x_wconf 77' lang='lat' dir='ltr'><strong><em>ejuerrorr</em></strong></span> <span class='ocrx_word' id='word_1_737' title='bbox 975 5122 1165 5186; x_wconf 63' lang='lat' dir='ltr'><strong><em>pererepant,</em></strong></span> <span class='ocrx_word' id='word_1_738' title='bbox 1185 5118 1255 5188; x_wconf 92' lang='lat' dir='ltr'><strong><em>quod</em></strong></span> <span class='ocrx_word' id='word_1_739' title='bbox 1274 5135 1320 5172; x_wconf 89' lang='lat' dir='ltr'><strong><em>nee</em></strong></span> <span class='ocrx_word' id='word_1_740' title='bbox 1334 5117 1406 5173; x_wconf 85' lang='lat' dir='ltr'><strong><em>nolin</em></strong></span> <span class='ocrx_word' id='word_1_741' title='bbox 1417 5119 1637 5189; x_wconf 73' lang='lat' dir='ltr'><strong><em>patrocinabitur,</em></strong></span> <span class='ocrx_word' id='word_1_742' title='bbox 1656 5134 1695 5190; x_wconf 90' lang='lat' dir='ltr'><strong><em>ur,</em></strong></span> <span class='ocrx_word' id='word_1_743' title='bbox 1705 5132 1760 5177; x_wconf 89' lang='lat' dir='ltr'><strong><em>sta-</em></strong></span> 
     </span>
     <span class='ocr_line' id='line_1_76' title="bbox 137 5209 1759 5292; baseline 0.005 -31"><span class='ocrx_word' id='word_1_744' title='bbox 137 5221 213 5285; x_wconf 50' lang='lat' dir='ltr'><strong><em>mq„</em></strong></span> <span class='ocrx_word' id='word_1_745' title='bbox 227 5221 273 5275; x_wconf 64' lang='lat' dir='ltr'><strong><em>„a</em></strong></span> <span class='ocrx_word' id='word_1_746' title='bbox 281 5224 369 5292; x_wconf 57' lang='lat' dir='ltr'><strong><em>popm</em></strong></span> <span class='ocrx_word' id='word_1_747' title='bbox 382 5235 429 5276; x_wconf 65' lang='lat'><strong><em>„02</em></strong></span> <span class='ocrx_word' id='word_1_748' title='bbox 442 5218 475 5272; x_wconf 56' lang='lat' dir='ltr'><strong><em>a,</em></strong></span> <span class='ocrx_word' id='word_1_749' title='bbox 489 5219 566 5273; x_wconf 64' lang='lat' dir='ltr'><strong><em>domo</em></strong></span> <span class='ocrx_word' id='word_1_750' title='bbox 578 5230 668 5275; x_wconf 58' lang='grc' dir='ltr'><strong><em>ΜΝ,</em></strong></span> <span class='ocrx_word' id='word_1_751' title='bbox 685 5213 831 5286; x_wconf 56' lang='lat' dir='ltr'><strong><em>apellen,</em></strong></span> <span class='ocrx_word' id='word_1_752' title='bbox 841 5220 867 5268; x_wconf 65' lang='lat' dir='ltr'><strong><em>ee</em></strong></span> <span class='ocrx_word' id='word_1_753' title='bbox 880 5227 923 5266; x_wconf 73' lang='grc' dir='ltr'><strong><em>η-</em></strong></span> <span class='ocrx_word' id='word_1_754' title='bbox 974 5213 1060 5260; x_wconf 88' lang='lat' dir='ltr'><strong><em>tntrtm</em></strong></span> <span class='ocrx_word' id='word_1_755' title='bbox 1074 5209 1207 5277; x_wconf 84' lang='lat' dir='ltr'><strong><em>parasitica</em></strong></span> <span class='ocrx_word' id='word_1_756' title='bbox 1226 5220 1322 5266; x_wconf 80' lang='lat' dir='ltr'><strong><em>nostroe</em></strong></span> <span class='ocrx_word' id='word_1_757' title='bbox 1345 5222 1490 5279; x_wconf 86' lang='lat' dir='ltr'><strong><em>enatantes,</em></strong></span> <span class='ocrx_word' id='word_1_758' title='bbox 1505 5213 1690 5288; x_wconf 82' lang='lat' dir='ltr'><strong><em>decimationes</em></strong></span> <span class='ocrx_word' id='word_1_759' title='bbox 1712 5231 1759 5269; x_wconf 88' lang='lat' dir='ltr'><strong><em>no-</em></strong></span> 
     </span>
     <span class='ocr_line' id='line_1_77' title="bbox 137 5303 1757 5382; baseline -0.001 -17"><span class='ocrx_word' id='word_1_760' title='bbox 137 5311 187 5365; x_wconf 87' lang='lat' dir='ltr'><strong><em>lrus</em></strong></span> <span class='ocrx_word' id='word_1_761' title='bbox 200 5311 297 5366; x_wconf 86' lang='lat' dir='ltr'><strong><em>nourie</em></strong></span> <span class='ocrx_word' id='word_1_762' title='bbox 315 5329 362 5368; x_wconf 90' lang='lat' dir='ltr'><strong><em>nos</em></strong></span> <span class='ocrx_word' id='word_1_763' title='bbox 376 5313 478 5372; x_wconf 74' lang='lat' dir='ltr'><strong><em>manue</em></strong></span> <span class='ocrx_word' id='word_1_764' title='bbox 500 5309 647 5379; x_wconf 75' lang='lat' dir='ltr'><strong><em>exspoliare</em></strong></span> <span class='ocrx_word' id='word_1_765' title='bbox 669 5305 844 5369; x_wconf 87' lang='lat' dir='ltr'><strong><em>contenditis,</em></strong></span> <span class='ocrx_word' id='word_1_766' title='bbox 857 5304 920 5358; x_wconf 89' lang='lat' dir='ltr'><strong><em>dnm</em></strong></span> <span class='ocrx_word' id='word_1_767' title='bbox 974 5303 1016 5356; x_wconf 82' lang='lat' dir='ltr'><strong><em>iis</em></strong></span> <span class='ocrx_word' id='word_1_768' title='bbox 1028 5305 1160 5373; x_wconf 87' lang='lat' dir='ltr'><strong><em>quondam</em></strong></span> <span class='ocrx_word' id='word_1_769' title='bbox 1175 5307 1289 5376; x_wconf 88' lang='lat' dir='ltr'><strong><em>leqitimc</em></strong></span> <span class='ocrx_word' id='word_1_770' title='bbox 1302 5309 1448 5380; x_wconf 85' lang='lat' dir='ltr'><strong><em>aseiqnutas</em></strong></span> <span class='ocrx_word' id='word_1_771' title='bbox 1473 5309 1622 5368; x_wconf 82' lang='lat' dir='ltr'><strong><em>uindicuit&#39;li</em></strong></span> <span class='ocrx_word' id='word_1_772' title='bbox 1646 5325 1757 5382; x_wconf 90' lang='lat' dir='ltr'><strong><em>usurpa-</em></strong></span> 
     </span>
    </p>
   </div>
   <div class='ocr_carea' id='block_1_10' title="bbox 105 5504 1758 5806">
    <p class='ocr_par' dir='ltr' id='par_1_16' title="bbox 105 5504 1758 5587">
     <span class='ocr_line' id='line_1_78' title="bbox 105 5504 1758 5587; baseline -0.005 -13"><span class='ocrx_word' id='word_1_773' title='bbox 105 5575 111 5582; x_wconf 73' lang='lat'><strong><em>,</em></strong></span> <span class='ocrx_word' id='word_1_774' title='bbox 174 5514 473 5587; x_wconf 73' lang='grc' dir='ltr'><strong><em>ῠαιεα.Ι.Ρ.ΙΙΙ.(ἶ.Ἰ.</em></strong></span> <span class='ocrx_word' id='word_1_775' title='bbox 513 5507 1001 5572; x_wconf 53' lang='grc' dir='ltr'><strong><em>Ποτειὶῑοῐῐθθυῑιὼ1,ωῆαᾶ</em></strong></span> <span class='ocrx_word' id='word_1_776' title='bbox 1043 5504 1174 5563; x_wconf 71' lang='lat' dir='ltr'><strong><em>”tunm</em></strong></span> <span class='ocrx_word' id='word_1_777' title='bbox 1186 5525 1212 5564; x_wconf 83' lang='lat' dir='ltr'><strong><em>a.</em></strong></span> <span class='ocrx_word' id='word_1_778' title='bbox 1225 5513 1290 5575; x_wconf 64' lang='lat' dir='ltr'><strong><em>liv.</em></strong></span> <span class='ocrx_word' id='word_1_779' title='bbox 1302 5510 1331 5568; x_wconf 82' lang='lat'><strong><em>8.</em></strong></span> <span class='ocrx_word' id='word_1_780' title='bbox 1370 5513 1478 5570; x_wconf 78' lang='lat' dir='ltr'><strong><em>“inira</em></strong></span> <span class='ocrx_word' id='word_1_781' title='bbox 1491 5507 1758 5582; x_wconf 79' lang='lat' dir='ltr'><strong><em>c.rt,q.t‚e.ti.</em></strong></span> 
     </span>
    </p>

    <p class='ocr_par' dir='ltr' id='par_1_17' title="bbox 138 5578 1757 5806">
     <span class='ocr_line' id='line_1_79' title="bbox 173 5578 1757 5657; baseline -0.008 -11"><span class='ocrx_word' id='word_1_782' title='bbox 173 5593 284 5657; x_wconf 73' lang='lat' dir='ltr'><strong><em>Quasi.</em></strong></span> <span class='ocrx_word' id='word_1_783' title='bbox 296 5587 329 5644; x_wconf 92' lang='grc' dir='ltr'><strong><em>ΙΙ.</em></strong></span> <span class='ocrx_word' id='word_1_784' title='bbox 338 5587 368 5641; x_wconf 84' lang='lat' dir='ltr'><strong><em>P.</em></strong></span> <span class='ocrx_word' id='word_1_785' title='bbox 377 5585 399 5642; x_wconf 91' lang='grc' dir='ltr'><strong><em>Ι.</em></strong></span> <span class='ocrx_word' id='word_1_786' title='bbox 410 5584 440 5642; x_wconf 80' lang='lat' dir='ltr'><strong><em>C.</em></strong></span> <span class='ocrx_word' id='word_1_787' title='bbox 452 5583 474 5642; x_wconf 93' lang='grc' dir='ltr'><strong><em>Ι.</em></strong></span> <span class='ocrx_word' id='word_1_788' title='bbox 512 5583 521 5615; x_wconf 90' lang='lat'><strong>¹</strong></span> <span class='ocrx_word' id='word_1_789' title='bbox 534 5583 584 5652; x_wconf 83' lang='lat' dir='ltr'><strong><em>Ep.</em></strong></span> <span class='ocrx_word' id='word_1_790' title='bbox 600 5596 654 5637; x_wconf 85' lang='lat' dir='ltr'><strong><em>ser.</em></strong></span> <span class='ocrx_word' id='word_1_791' title='bbox 668 5578 772 5643; x_wconf 70' lang='lat' dir='ltr'><strong><em>Mili,</em></strong></span> <span class='ocrx_word' id='word_1_792' title='bbox 785 5581 948 5650; x_wconf 74' lang='lat' dir='ltr'><strong><em>(apocrypha</em></strong></span> <span class='ocrx_word' id='word_1_793' title='bbox 957 5594 991 5632; x_wconf 81' lang='lat' dir='ltr'><strong><em>en</em></strong></span> <span class='ocrx_word' id='word_1_794' title='bbox 1008 5579 1141 5633; x_wconf 85' lang='lat' dir='ltr'><strong><em>sententia</em></strong></span> <span class='ocrx_word' id='word_1_795' title='bbox 1153 5579 1327 5654; x_wconf 79' lang='lat' dir='ltr'><strong><em>Berurdi).-</em></strong></span> <span class='ocrx_word' id='word_1_796' title='bbox 1340 5583 1437 5640; x_wconf 78' lang='lat' dir='ltr'><strong><em>Burcir.</em></strong></span> <span class='ocrx_word' id='word_1_797' title='bbox 1453 5583 1542 5651; x_wconf 77' lang='lat' dir='ltr'><strong><em>i.&#39;3,c.</em></strong></span> <span class='ocrx_word' id='word_1_798' title='bbox 1552 5583 1612 5640; x_wconf 78' lang='lat' dir='ltr'><strong><em>tto.</em></strong></span> <span class='ocrx_word' id='word_1_799' title='bbox 1622 5585 1687 5642; x_wconf 76' lang='lat' dir='ltr'><strong><em>Ant.</em></strong></span> <span class='ocrx_word' id='word_1_800' title='bbox 1700 5581 1719 5638; x_wconf 92' lang='grc' dir='ltr'><strong><em>Ι.</em></strong></span> <span class='ocrx_word' id='word_1_801' title='bbox 1728 5579 1757 5645; x_wconf 86' lang='lat' dir='ltr'><strong><em>ii,</em></strong></span> 
     </span>
     <span class='ocr_line' id='line_1_80' title="bbox 138 5647 1757 5732; baseline -0.006 -15"><span class='ocrx_word' id='word_1_802' title='bbox 138 5676 165 5719; x_wconf 87' lang='lat' dir='ltr'><strong><em>e.</em></strong></span> <span class='ocrx_word' id='word_1_803' title='bbox 178 5661 212 5717; x_wconf 73' lang='grc'><strong><em>19</em></strong></span> <span class='ocrx_word' id='word_1_804' title='bbox 226 5661 294 5732; x_wconf 70' lang='lat' dir='ltr'><strong><em>tili).</em></strong></span> <span class='ocrx_word' id='word_1_805' title='bbox 309 5655 482 5720; x_wconf 77' lang='lat' dir='ltr'><strong><em>Pusr.1.2‚e.</em></strong></span> <span class='ocrx_word' id='word_1_806' title='bbox 494 5651 641 5710; x_wconf 69' lang='lat' dir='ltr'><strong><em>ee-ce</em></strong></span> <span class='ocrx_word' id='word_1_807' title='bbox 653 5650 779 5719; x_wconf 59' lang='lat' dir='ltr'><strong><em>caeo.</em></strong></span> <span class='ocrx_word' id='word_1_808' title='bbox 791 5651 853 5714; x_wconf 73' lang='lat' dir='ltr'><strong><em>5,e.</em></strong></span> <span class='ocrx_word' id='word_1_809' title='bbox 875 5651 905 5703; x_wconf 71' lang='grc' dir='ltr'><strong><em>Ξ.</em></strong></span> <span class='ocrx_word' id='word_1_810' title='bbox 943 5649 1205 5718; x_wconf 73' lang='lat' dir='ltr'><strong><em>’aestoapnos</em></strong></span> <span class='ocrx_word' id='word_1_811' title='bbox 1243 5653 1334 5711; x_wconf 76' lang='lat' dir='ltr'><strong><em>’allis</em></strong></span> <span class='ocrx_word' id='word_1_812' title='bbox 1382 5653 1654 5725; x_wconf 78' lang='lat' dir='ltr'><strong><em>nilusqueeiiurelr.</em></strong></span> <span class='ocrx_word' id='word_1_813' title='bbox 1688 5647 1757 5708; x_wconf 57' lang='lat' dir='ltr'><strong><em>iel.</em></strong></span> 
     </span>
     <span class='ocr_line' id='line_1_81' title="bbox 139 5669 1616 5806; baseline -0.005 -16"><span class='ocrx_word' id='word_1_814' title='bbox 139 5719 778 5806; x_wconf 40' lang='lat' dir='ltr'><strong><em>o.,l.Cod.depnoser.mammona.</em></strong></span> <span class='ocrx_word' id='word_1_815' title='bbox 817 5717 1168 5778; x_wconf 72' lang='lat' dir='ltr'><strong><em>’cretaeaeleoaeotto</em></strong></span> <span class='ocrx_word' id='word_1_816' title='bbox 1207 5669 1413 5794; x_wconf 56' lang='lat' dir='ltr'><strong><em>‘inlrnlilm</em></strong></span> <span class='ocrx_word' id='word_1_817' title='bbox 1438 5741 1465 5798; x_wconf 89' lang='lat' dir='ltr'><strong><em>q.</em></strong></span> <span class='ocrx_word' id='word_1_818' title='bbox 1494 5725 1522 5792; x_wconf 76' lang='lat'><strong><em>5,</em></strong></span> <span class='ocrx_word' id='word_1_819' title='bbox 1543 5723 1616 5784; x_wconf 76' lang='lat' dir='ltr'><strong><em>ei.</em></strong></span> 
     </span>
    </p>
   </div>
   <div class='ocr_carea' id='block_1_11' title="bbox 296 5814 1573 5888">
    <p class='ocr_par' dir='ltr' id='par_1_18' title="bbox 296 5814 1573 5888">
     <span class='ocr_line' id='line_1_82' title="bbox 296 5814 1573 5888; baseline -0.003 0"><span class='ocrx_word' id='word_1_820' title='bbox 296 5825 436 5888; x_wconf 79' lang='lat' dir='ltr'><strong><em>Persou.</em></strong></span> <span class='ocrx_word' id='word_1_821' title='bbox 452 5814 664 5883; x_wconf 75' lang='lat' dir='ltr'>CLXXXVII.</span> <span class='ocrx_word' id='word_1_822' title='bbox 1534 5821 1573 5884; x_wconf 75' lang='lat'><strong><em>³⁰</em></strong></span> 
     </span>
    </p>
   </div>
   <div class='ocr_carea' id='block_1_12' title="bbox 0 0 2004 6324">
    <p class='ocr_par' dir='ltr' id='par_1_19' title="bbox 0 0 2004 6324">
     <span class='ocr_line' id='line_1_83' title="bbox 0 0 2004 6324; baseline 0 0"><span class='ocrx_word' id='word_1_823' title='bbox 0 0 2004 6324; x_wconf 95' lang='lat' dir='ltr'><strong><em> </em></strong></span> 
     </span>
    </p>
   </div>
  </div>
 </body>
</html>
