<?xml version="1.0" encoding="UTF-8"?>
<!DOCTYPE html PUBLIC "-//W3C//DTD XHTML 1.0 Transitional//EN"
    "http://www.w3.org/TR/xhtml1/DTD/xhtml1-transitional.dtd">
<html xmlns="http://www.w3.org/1999/xhtml" xml:lang="en" lang="en">
 <head>
  <title>
</title>
<meta http-equiv="Content-Type" content="text/html;charset=utf-8" />
  <meta name='ocr-system' content='tesseract 3.04.00' />
  <meta name='ocr-capabilities' content='ocr_page ocr_carea ocr_par ocr_line ocrx_word'/>
</head>
<body>
  <div class='ocr_page' id='page_1' title='image "./patrologiaecurs195unkngoog/patrologiaecurs195unkngoog_0261.png"; bbox 0 0 3975 6334; ppageno 0'>
   <div class='ocr_carea' id='block_1_1' title="bbox 129 394 182 444">
    <p class='ocr_par' dir='ltr' id='par_1_1' title="bbox 129 394 182 444">
     <span class='ocr_line' id='line_1_1' title="bbox 129 394 182 444; baseline 0 -1"><span class='ocrx_word' id='word_1_1' title='bbox 129 394 182 444; x_wconf 67' lang='lat' dir='ltr'><strong>did</strong></span> 
     </span>
    </p>
   </div>
   <div class='ocr_carea' id='block_1_2' title="bbox 539 354 1368 479">
    <p class='ocr_par' dir='ltr' id='par_1_2' title="bbox 539 354 1368 479">
     <span class='ocr_line' id='line_1_2' title="bbox 539 354 1368 479; baseline 0.014 -23"><span class='ocrx_word' id='word_1_2' title='bbox 539 390 686 459; x_wconf 71' lang='lat' dir='ltr'><strong>decutit</strong></span> <span class='ocrx_word' id='word_1_3' title='bbox 706 354 797 461; x_wconf 70' lang='lat' dir='ltr'><strong>itus</strong></span> <span class='ocrx_word' id='word_1_4' title='bbox 818 401 988 464; x_wconf 76' lang='lat' dir='ltr'><strong>sectum.</strong></span> <span class='ocrx_word' id='word_1_5' title='bbox 1010 403 1125 465; x_wconf 77' lang='lat' dir='ltr'><strong>ctttss</strong></span> <span class='ocrx_word' id='word_1_6' title='bbox 1145 408 1165 467; x_wconf 89' lang='grc' dir='ltr'><strong>Ι.</strong></span> <span class='ocrx_word' id='word_1_7' title='bbox 1187 410 1327 479; x_wconf 76' lang='lat' dir='ltr'><strong>QUAEST.</strong></span> <span class='ocrx_word' id='word_1_8' title='bbox 1348 412 1368 468; x_wconf 89' lang='grc' dir='ltr'><strong>Ι.</strong></span> 
     </span>
    </p>
   </div>
   <div class='ocr_carea' id='block_1_3' title="bbox 1717 414 1773 482">
    <p class='ocr_par' dir='ltr' id='par_1_3' title="bbox 1717 414 1773 482">
     <span class='ocr_line' id='line_1_3' title="bbox 1717 414 1773 482; baseline 0.036 -2"><span class='ocrx_word' id='word_1_9' title='bbox 1717 414 1773 482; x_wconf 76' lang='lat' dir='ltr'><strong>illd</strong></span> 
     </span>
    </p>
   </div>
   <div class='ocr_carea' id='block_1_4' title="bbox 130 507 1768 605">
    <p class='ocr_par' dir='ltr' id='par_1_4' title="bbox 130 507 1768 605">
     <span class='ocr_line' id='line_1_4' title="bbox 130 507 1768 605; baseline 0.023 -46"><span class='ocrx_word' id='word_1_10' title='bbox 130 516 233 577; x_wconf 70' lang='lat' dir='ltr'><strong>possiunt</strong></span> <span class='ocrx_word' id='word_1_11' title='bbox 247 507 347 565; x_wconf 77' lang='lat' dir='ltr'><strong>Petrus</strong></span> <span class='ocrx_word' id='word_1_12' title='bbox 363 511 470 568; x_wconf 80' lang='lat' dir='ltr'><strong>‹lisiturs</strong></span> <span class='ocrx_word' id='word_1_13' title='bbox 490 514 638 585; x_wconf 73' lang='lat' dir='ltr'><strong>Apostolus</strong></span> <span class='ocrx_word' id='word_1_14' title='bbox 656 518 746 591; x_wconf 79' lang='lat' dir='ltr'><strong>(curius</strong></span> <span class='ocrx_word' id='word_1_15' title='bbox 765 522 925 579; x_wconf 78' lang='lat' dir='ltr'><strong>cathedram</strong></span> <span class='ocrx_word' id='word_1_16' title='bbox 941 532 963 591; x_wconf 67' lang='grc' dir='ltr'><strong>Α</strong></span> <span class='ocrx_word' id='word_1_17' title='bbox 977 522 1078 579; x_wconf 81' lang='lat' dir='ltr'><strong>irrduis</strong></span> <span class='ocrx_word' id='word_1_18' title='bbox 1092 522 1172 580; x_wconf 73' lang='lat' dir='ltr'><strong>nott·</strong></span> <span class='ocrx_word' id='word_1_19' title='bbox 1187 526 1358 584; x_wconf 74' lang='lat' dir='ltr'><strong>occisoribus</strong></span> <span class='ocrx_word' id='word_1_20' title='bbox 1380 522 1518 586; x_wconf 73' lang='lat' dir='ltr'><strong>currenni</strong></span> <span class='ocrx_word' id='word_1_21' title='bbox 1535 536 1665 595; x_wconf 77' lang='lat' dir='ltr'><strong>uendidit.</strong></span> <span class='ocrx_word' id='word_1_22' title='bbox 1678 536 1768 605; x_wconf 75' lang='lat' dir='ltr'><strong>Quium</strong></span> 
     </span>
    </p>
   </div>
   <div class='ocr_carea' id='block_1_5' title="bbox 127 601 927 1521">
    <p class='ocr_par' dir='ltr' id='par_1_5' title="bbox 127 601 927 1521">
     <span class='ocr_line' id='line_1_5' title="bbox 131 601 927 681; baseline 0.025 -29"><span class='ocrx_word' id='word_1_23' title='bbox 131 601 227 657; x_wconf 85' lang='lat' dir='ltr'><strong>sortita</strong></span> <span class='ocrx_word' id='word_1_24' title='bbox 241 605 426 661; x_wconf 86' lang='lat' dir='ltr'><strong>estsauctitns</strong></span> <span class='ocrx_word' id='word_1_25' title='bbox 444 609 546 679; x_wconf 86' lang='lat' dir='ltr'><strong>restra)</strong></span> <span class='ocrx_word' id='word_1_26' title='bbox 564 617 692 681; x_wconf 85' lang='lat' dir='ltr'><strong>tauquam</strong></span> <span class='ocrx_word' id='word_1_27' title='bbox 718 610 855 672; x_wconf 80' lang='lat' dir='ltr'>Simonem</span> <span class='ocrx_word' id='word_1_28' title='bbox 869 632 927 673; x_wconf 85' lang='lat' dir='ltr'><strong>ura·</strong></span> 
     </span>
     <span class='ocr_line' id='line_1_6' title="bbox 130 694 927 779; baseline 0.028 -35"><span class='ocrx_word' id='word_1_29' title='bbox 130 710 213 759; x_wconf 75' lang='lat' dir='ltr'><strong>pertrui</strong></span> <span class='ocrx_word' id='word_1_30' title='bbox 221 694 342 766; x_wconf 90' lang='lat' dir='ltr'><strong>deponit.</strong></span> <span class='ocrx_word' id='word_1_31' title='bbox 353 696 385 751; x_wconf 73' lang='lat' dir='ltr'><strong>Et</strong></span> <span class='ocrx_word' id='word_1_32' title='bbox 394 698 466 770; x_wconf 73' lang='lat' dir='ltr'><strong>iussn</strong></span> <span class='ocrx_word' id='word_1_33' title='bbox 478 700 509 773; x_wconf 59' lang='grc' dir='ltr'><strong>εξ</strong></span> <span class='ocrx_word' id='word_1_34' title='bbox 522 703 545 756; x_wconf 88' lang='lat' dir='ltr'><strong>l.</strong></span> <span class='ocrx_word' id='word_1_35' title='bbox 556 702 927 779; x_wconf 75' lang='lat' dir='ltr'><strong>Tolerabilioresteuimdiu-</strong></span> 
     </span>
     <span class='ocr_line' id='line_1_7' title="bbox 130 781 926 867; baseline 0.036 -38"><span class='ocrx_word' id='word_1_36' title='bbox 130 781 436 855; x_wconf 82' lang='lat' dir='ltr'><strong>retinuiieteortttn,tpti</strong></span> <span class='ocrx_word' id='word_1_37' title='bbox 447 788 520 845; x_wconf 87' lang='lat' dir='ltr'><strong>circa</strong></span> <span class='ocrx_word' id='word_1_38' title='bbox 533 790 701 863; x_wconf 90' lang='lat' dir='ltr'><strong>ipsumsuut‚</strong></span> <span class='ocrx_word' id='word_1_39' title='bbox 713 796 831 867; x_wconf 85' lang='lat' dir='ltr'><strong>Spiritus</strong></span> <span class='ocrx_word' id='word_1_40' title='bbox 839 800 926 857; x_wconf 88' lang='lat' dir='ltr'><strong>sancti</strong></span> 
     </span>
     <span class='ocr_line' id='line_1_8' title="bbox 130 874 925 951; baseline 0.029 -25"><span class='ocrx_word' id='word_1_41' title='bbox 130 874 348 947; x_wconf 77' lang='lat' dir='ltr'><strong>impugnatorum</strong></span> <span class='ocrx_word' id='word_1_42' title='bbox 371 879 451 951; x_wconf 86' lang='lat' dir='ltr'><strong>irupiu</strong></span> <span class='ocrx_word' id='word_1_43' title='bbox 474 884 594 943; x_wconf 84' lang='lat' dir='ltr'><strong>limrcsis.</strong></span> <span class='ocrx_word' id='word_1_44' title='bbox 618 887 658 943; x_wconf 89' lang='lat' dir='ltr'><strong>ttti</strong></span> <span class='ocrx_word' id='word_1_45' title='bbox 676 891 750 947; x_wconf 92' lang='lat' dir='ltr'><strong>cuim</strong></span> <span class='ocrx_word' id='word_1_46' title='bbox 772 900 925 949; x_wconf 87' lang='lat' dir='ltr'><strong>creaturum</strong></span> 
     </span>
     <span class='ocr_line' id='line_1_9' title="bbox 128 972 926 1053; baseline 0.031 -34"><span class='ocrx_word' id='word_1_47' title='bbox 128 976 157 1021; x_wconf 87' lang='lat' dir='ltr'><strong>ut</strong></span> <span class='ocrx_word' id='word_1_48' title='bbox 168 984 279 1026; x_wconf 85' lang='lat' dir='ltr'><strong>scrutun</strong></span> <span class='ocrx_word' id='word_1_49' title='bbox 292 972 339 1029; x_wconf 79' lang='lat' dir='ltr'><strong>liei</strong></span> <span class='ocrx_word' id='word_1_50' title='bbox 353 973 444 1031; x_wconf 86' lang='lat' dir='ltr'><strong>Putris</strong></span> <span class='ocrx_word' id='word_1_51' title='bbox 456 988 485 1033; x_wconf 90' lang='lat' dir='ltr'><strong>et</strong></span> <span class='ocrx_word' id='word_1_52' title='bbox 498 978 557 1035; x_wconf 82' lang='lat' dir='ltr'>Filii</span> <span class='ocrx_word' id='word_1_53' title='bbox 574 980 707 1053; x_wconf 86' lang='lat' dir='ltr'><strong>Spiritum</strong></span> <span class='ocrx_word' id='word_1_54' title='bbox 730 994 856 1041; x_wconf 90' lang='lat' dir='ltr'><strong>sanctum</strong></span> <span class='ocrx_word' id='word_1_55' title='bbox 879 986 926 1043; x_wconf 81' lang='lat' dir='ltr'><strong>‹lc-</strong></span> 
     </span>
     <span class='ocr_line' id='line_1_10' title="bbox 130 1062 925 1149; baseline 0.025 -34"><span class='ocrx_word' id='word_1_56' title='bbox 130 1062 236 1122; x_wconf 88' lang='lat' dir='ltr'><strong>lirmnlo</strong></span> <span class='ocrx_word' id='word_1_57' title='bbox 251 1066 380 1139; x_wconf 86' lang='lat' dir='ltr'><strong>intentur,</strong></span> <span class='ocrx_word' id='word_1_58' title='bbox 403 1074 445 1129; x_wconf 81' lang='lat' dir='ltr'><strong>isti</strong></span> <span class='ocrx_word' id='word_1_59' title='bbox 467 1092 531 1131; x_wconf 87' lang='lat' dir='ltr'><strong>reru</strong></span> <span class='ocrx_word' id='word_1_60' title='bbox 551 1078 666 1135; x_wconf 90' lang='lat' dir='ltr'><strong>crtudem</strong></span> <span class='ocrx_word' id='word_1_61' title='bbox 683 1078 843 1149; x_wconf 80' lang='lat' dir='ltr'><strong>Spiriturn”</strong></span> <span class='ocrx_word' id='word_1_62' title='bbox 865 1079 925 1137; x_wconf 86' lang='lat' dir='ltr'><strong>elli·-</strong></span> 
     </span>
     <span class='ocr_line' id='line_1_11' title="bbox 128 1158 925 1243; baseline 0.028 -36"><span class='ocrx_word' id='word_1_63' title='bbox 128 1158 205 1213; x_wconf 80' lang='lat' dir='ltr'><strong>uiuut</strong></span> <span class='ocrx_word' id='word_1_64' title='bbox 216 1173 295 1217; x_wconf 89' lang='lat' dir='ltr'><strong>suurn</strong></span> <span class='ocrx_word' id='word_1_65' title='bbox 309 1178 426 1223; x_wconf 82' lang='lat' dir='ltr'><strong>seruntur.</strong></span> <span class='ocrx_word' id='word_1_66' title='bbox 444 1166 538 1224; x_wconf 80' lang='lat' dir='ltr'><strong>linmis</strong></span> <span class='ocrx_word' id='word_1_67' title='bbox 549 1170 621 1223; x_wconf 93' lang='lat' dir='ltr'><strong>euim</strong></span> <span class='ocrx_word' id='word_1_68' title='bbox 636 1171 762 1227; x_wconf 90' lang='lat' dir='ltr'><strong>domiuus</strong></span> <span class='ocrx_word' id='word_1_69' title='bbox 776 1174 848 1243; x_wconf 89' lang='lat' dir='ltr'><strong>quod</strong></span> <span class='ocrx_word' id='word_1_70' title='bbox 879 1175 925 1229; x_wconf 86' lang='lat' dir='ltr'><strong>lra-</strong></span> 
     </span>
     <span class='ocr_line' id='line_1_12' title="bbox 129 1252 923 1337; baseline 0.025 -33"><span class='ocrx_word' id='word_1_71' title='bbox 129 1252 184 1317; x_wconf 85' lang='lat' dir='ltr'><strong>iret,</strong></span> <span class='ocrx_word' id='word_1_72' title='bbox 200 1256 223 1309; x_wconf 91' lang='lat' dir='ltr'><strong>si</strong></span> <span class='ocrx_word' id='word_1_73' title='bbox 235 1255 302 1325; x_wconf 80' lang='lat' dir='ltr'><strong>unilt,</strong></span> <span class='ocrx_word' id='word_1_74' title='bbox 322 1260 423 1324; x_wconf 85' lang='lat' dir='ltr'><strong>rendit.</strong></span> <span class='ocrx_word' id='word_1_75' title='bbox 439 1262 496 1317; x_wconf 90' lang='lat' dir='ltr'><strong>sire</strong></span> <span class='ocrx_word' id='word_1_76' title='bbox 514 1280 623 1319; x_wconf 88' lang='lat' dir='ltr'><strong>serrum</strong></span> <span class='ocrx_word' id='word_1_77' title='bbox 650 1267 709 1321; x_wconf 86' lang='lat' dir='ltr'><strong>sivo</strong></span> <span class='ocrx_word' id='word_1_78' title='bbox 733 1266 833 1337; x_wconf 88' lang='lat' dir='ltr'><strong>aliquid</strong></span> <span class='ocrx_word' id='word_1_79' title='bbox 850 1268 923 1325; x_wconf 90' lang='lat' dir='ltr'><strong>aliud</strong></span> 
     </span>
     <span class='ocr_line' id='line_1_13' title="bbox 127 1352 924 1429; baseline 0.024 -33"><span class='ocrx_word' id='word_1_80' title='bbox 127 1359 234 1415; x_wconf 85' lang='lat' dir='ltr'><strong>eortrsu,</strong></span> <span class='ocrx_word' id='word_1_81' title='bbox 245 1362 305 1419; x_wconf 75' lang='lat' dir='ltr'><strong>quac</strong></span> <span class='ocrx_word' id='word_1_82' title='bbox 318 1352 448 1423; x_wconf 86' lang='lat' dir='ltr'><strong>possidet.</strong></span> <span class='ocrx_word' id='word_1_83' title='bbox 464 1355 597 1412; x_wconf 87' lang='lat' dir='ltr'><strong>Similiter</strong></span> <span class='ocrx_word' id='word_1_84' title='bbox 613 1360 693 1429; x_wconf 83' lang='lat' dir='ltr'><strong>etqui</strong></span> <span class='ocrx_word' id='word_1_85' title='bbox 706 1360 782 1425; x_wconf 80' lang='lat' dir='ltr'><strong>enuit,</strong></span> <span class='ocrx_word' id='word_1_86' title='bbox 799 1359 924 1415; x_wconf 84' lang='lat' dir='ltr'><strong>‹lrrruinns</strong></span> 
     </span>
     <span class='ocr_line' id='line_1_14' title="bbox 127 1439 922 1521; baseline 0.025 -32"><span class='ocrx_word' id='word_1_87' title='bbox 127 1439 186 1509; x_wconf 83' lang='lat' dir='ltr'><strong>ejrrs</strong></span> <span class='ocrx_word' id='word_1_88' title='bbox 199 1440 292 1497; x_wconf 65' lang='lat' dir='ltr'><strong>stoicus</strong></span> <span class='ocrx_word' id='word_1_89' title='bbox 303 1458 364 1501; x_wconf 85' lang='lat' dir='ltr'><strong>csso</strong></span> <span class='ocrx_word' id='word_1_90' title='bbox 378 1446 450 1516; x_wconf 90' lang='lat' dir='ltr'><strong>quod</strong></span> <span class='ocrx_word' id='word_1_91' title='bbox 465 1450 575 1514; x_wconf 86' lang='lat' dir='ltr'><strong>emerit,</strong></span> <span class='ocrx_word' id='word_1_92' title='bbox 590 1464 639 1521; x_wconf 91' lang='lat' dir='ltr'><strong>per</strong></span> <span class='ocrx_word' id='word_1_93' title='bbox 658 1450 777 1521; x_wconf 91' lang='lat' dir='ltr'><strong>pretium</strong></span> <span class='ocrx_word' id='word_1_94' title='bbox 799 1452 922 1521; x_wconf 79' lang='lat' dir='ltr'><strong>perimine</strong></span> 
     </span>
    </p>
   </div>
   <div class='ocr_carea' id='block_1_6' title="bbox 965 614 1768 701">
    <p class='ocr_par' dir='ltr' id='par_1_6' title="bbox 965 614 1768 701">
     <span class='ocr_line' id='line_1_15' title="bbox 965 614 1768 701; baseline 0.027 -33"><span class='ocrx_word' id='word_1_95' title='bbox 965 617 1046 687; x_wconf 79' lang='lat' dir='ltr'><strong>&#39;erqo</strong></span> <span class='ocrx_word' id='word_1_96' title='bbox 1060 614 1180 688; x_wconf 82' lang='lat' dir='ltr'><strong>Spiritus</strong></span> <span class='ocrx_word' id='word_1_97' title='bbox 1201 630 1312 675; x_wconf 85' lang='lat' dir='ltr'><strong>sauctus</strong></span> <span class='ocrx_word' id='word_1_98' title='bbox 1325 622 1569 681; x_wconf 82' lang='lat' dir='ltr'><strong>consubstantialis</strong></span> <span class='ocrx_word' id='word_1_99' title='bbox 1593 628 1629 684; x_wconf 87' lang='lat' dir='ltr'><strong>sit</strong></span> <span class='ocrx_word' id='word_1_100' title='bbox 1647 628 1768 701; x_wconf 79' lang='lat' dir='ltr'><strong>Christo,</strong></span> 
     </span>
    </p>
   </div>
   <div class='ocr_carea' id='block_1_7' title="bbox 976 708 1772 1347">
    <p class='ocr_par' dir='ltr' id='par_1_7' title="bbox 976 708 1772 1347">
     <span class='ocr_line' id='line_1_16' title="bbox 979 708 1770 795; baseline 0.029 -35"><span class='ocrx_word' id='word_1_101' title='bbox 979 708 1102 778; x_wconf 79' lang='lat' dir='ltr'><strong>ejersdem</strong></span> <span class='ocrx_word' id='word_1_102' title='bbox 1133 710 1257 768; x_wconf 84' lang='lat' dir='ltr'><strong>‘omniuo</strong></span> <span class='ocrx_word' id='word_1_103' title='bbox 1272 714 1316 770; x_wconf 72' lang='grc' dir='ltr'>ιιι·</span> <span class='ocrx_word' id='word_1_104' title='bbox 1331 715 1382 787; x_wconf 92' lang='lat' dir='ltr'><strong>ipsi</strong></span> <span class='ocrx_word' id='word_1_105' title='bbox 1397 718 1532 786; x_wconf 90' lang='lat' dir='ltr'><strong>portionis</strong></span> <span class='ocrx_word' id='word_1_106' title='bbox 1555 729 1645 777; x_wconf 87' lang='lat' dir='ltr'><strong>ertrut.</strong></span> <span class='ocrx_word' id='word_1_107' title='bbox 1661 720 1694 779; x_wconf 83' lang='lat' dir='ltr'><strong>tn</strong></span> <span class='ocrx_word' id='word_1_108' title='bbox 1707 740 1770 795; x_wconf 90' lang='lat' dir='ltr'><strong>pro·</strong></span> 
     </span>
     <span class='ocr_line' id='line_1_17' title="bbox 978 802 1772 882; baseline 0.026 -27"><span class='ocrx_word' id='word_1_109' title='bbox 978 802 1107 859; x_wconf 84' lang='lat' dir='ltr'><strong>culdulrio</strong></span> <span class='ocrx_word' id='word_1_110' title='bbox 1123 805 1150 859; x_wconf 89' lang='lat' dir='ltr'><strong>in</strong></span> <span class='ocrx_word' id='word_1_111' title='bbox 1164 806 1206 863; x_wconf 90' lang='lat' dir='ltr'><strong>eis</strong></span> <span class='ocrx_word' id='word_1_112' title='bbox 1220 822 1273 863; x_wconf 93' lang='lat' dir='ltr'><strong>nou</strong></span> <span class='ocrx_word' id='word_1_113' title='bbox 1285 818 1329 865; x_wconf 87' lang='lat' dir='ltr'><strong>est</strong></span> <span class='ocrx_word' id='word_1_114' title='bbox 1345 811 1433 881; x_wconf 73' lang='lat' dir='ltr'><strong>pratia</strong></span> <span class='ocrx_word' id='word_1_115' title='bbox 1445 810 1562 881; x_wconf 80' lang='lat' dir='ltr'>Spiritus</span> <span class='ocrx_word' id='word_1_116' title='bbox 1574 813 1671 882; x_wconf 84' lang='lat' dir='ltr'><strong>sancti,</strong></span> <span class='ocrx_word' id='word_1_117' title='bbox 1686 816 1714 873; x_wconf 87' lang='lat' dir='ltr'><strong>id</strong></span> <span class='ocrx_word' id='word_1_118' title='bbox 1726 825 1772 876; x_wconf 80' lang='lat' dir='ltr'><strong>est</strong></span> 
     </span>
     <span class='ocr_line' id='line_1_18' title="bbox 977 896 1769 976; baseline 0.027 -29"><span class='ocrx_word' id='word_1_119' title='bbox 977 896 1122 952; x_wconf 87' lang='lat' dir='ltr'><strong>sacerdotii</strong></span> <span class='ocrx_word' id='word_1_120' title='bbox 1136 900 1278 956; x_wconf 85' lang='lat' dir='ltr'><strong>sauctitas.</strong></span> <span class='ocrx_word' id='word_1_121' title='bbox 1297 900 1365 957; x_wconf 88' lang='lat' dir='ltr'><strong>Nam</strong></span> <span class='ocrx_word' id='word_1_122' title='bbox 1377 904 1448 974; x_wconf 89' lang='lat' dir='ltr'><strong>quod</strong></span> <span class='ocrx_word' id='word_1_123' title='bbox 1462 920 1515 961; x_wconf 94' lang='lat' dir='ltr'><strong>nou</strong></span> <span class='ocrx_word' id='word_1_124' title='bbox 1532 918 1695 976; x_wconf 84' lang='lat' dir='ltr'><strong>nccepemnt</strong></span> <span class='ocrx_word' id='word_1_125' title='bbox 1712 924 1769 968; x_wconf 83' lang='lat' dir='ltr'><strong>noo</strong></span> 
     </span>
     <span class='ocr_line' id='line_1_19' title="bbox 977 986 1769 1058; baseline 0.023 -19"><span class='ocrx_word' id='word_1_126' title='bbox 977 986 1088 1046; x_wconf 79' lang='lat' dir='ltr'><strong>linirent.</strong></span> <span class='ocrx_word' id='word_1_127' title='bbox 1117 991 1163 1047; x_wconf 80' lang='lat' dir='ltr'><strong>nu</strong></span> <span class='ocrx_word' id='word_1_128' title='bbox 1185 992 1257 1049; x_wconf 88' lang='lat' dir='ltr'><strong>euim</strong></span> <span class='ocrx_word' id='word_1_129' title='bbox 1284 993 1382 1053; x_wconf 85' lang='lat' dir='ltr'><strong>Petrus</strong></span> <span class='ocrx_word' id='word_1_130' title='bbox 1398 995 1491 1053; x_wconf 89' lang='lat' dir='ltr'><strong>Simon</strong></span> <span class='ocrx_word' id='word_1_131' title='bbox 1502 997 1550 1053; x_wconf 82' lang='lat' dir='ltr'><strong>”r</strong></span> <span class='ocrx_word' id='word_1_132' title='bbox 1572 998 1635 1055; x_wconf 86' lang='lat' dir='ltr'><strong>Nou</strong></span> <span class='ocrx_word' id='word_1_133' title='bbox 1658 1013 1696 1055; x_wconf 91' lang='lat' dir='ltr'><strong>est</strong></span> <span class='ocrx_word' id='word_1_134' title='bbox 1719 998 1769 1058; x_wconf 87' lang='lat' dir='ltr'><strong>tibi</strong></span> 
     </span>
     <span class='ocr_line' id='line_1_20' title="bbox 976 1086 1769 1163; baseline 0.02 -32"><span class='ocrx_word' id='word_1_135' title='bbox 976 1094 1132 1152; x_wconf 89' lang='lat' dir='ltr'><strong>pnrsrreque</strong></span> <span class='ocrx_word' id='word_1_136' title='bbox 1145 1086 1242 1141; x_wconf 89' lang='lat' dir='ltr'><strong>sorsin</strong></span> <span class='ocrx_word' id='word_1_137' title='bbox 1255 1102 1374 1142; x_wconf 85' lang='lat' dir='ltr'><strong>semrone</strong></span> <span class='ocrx_word' id='word_1_138' title='bbox 1390 1089 1450 1157; x_wconf 86' lang='lat' dir='ltr'><strong>isto,</strong></span> <span class='ocrx_word' id='word_1_139' title='bbox 1468 1090 1529 1163; x_wconf 87' lang='lat' dir='ltr'><strong>quio</strong></span> <span class='ocrx_word' id='word_1_140' title='bbox 1545 1092 1699 1146; x_wconf 78' lang='lat' dir='ltr'><strong>existimasti</strong></span> <span class='ocrx_word' id='word_1_141' title='bbox 1719 1094 1769 1147; x_wconf 91' lang='lat' dir='ltr'><strong>do·</strong></span> 
     </span>
     <span class='ocr_line' id='line_1_21' title="bbox 977 1174 1768 1256; baseline 0.021 -33"><span class='ocrx_word' id='word_1_142' title='bbox 977 1188 1040 1225; x_wconf 82' lang='lat' dir='ltr'><strong>ritem</strong></span> <span class='ocrx_word' id='word_1_143' title='bbox 1059 1174 1107 1229; x_wconf 78' lang='lat' dir='ltr'><strong>liei</strong></span> <span class='ocrx_word' id='word_1_144' title='bbox 1126 1179 1237 1247; x_wconf 82' lang='lat' dir='ltr'><strong>pecunia</strong></span> <span class='ocrx_word' id='word_1_145' title='bbox 1256 1180 1393 1248; x_wconf 86' lang='lat' dir='ltr'><strong>possideri.</strong></span> <span class='ocrx_word' id='word_1_146' title='bbox 1418 1181 1453 1237; x_wconf 79' lang='lat' dir='ltr'><strong>Et</strong></span> <span class='ocrx_word' id='word_1_147' title='bbox 1470 1198 1571 1254; x_wconf 86' lang='lat' dir='ltr'><strong>supro:</strong></span> <span class='ocrx_word' id='word_1_148' title='bbox 1589 1182 1603 1256; x_wconf 67' lang='lat' dir='ltr'>fi</span> <span class='ocrx_word' id='word_1_149' title='bbox 1618 1184 1646 1239; x_wconf 50' lang='lat' dir='ltr'><strong>is</strong></span> <span class='ocrx_word' id='word_1_150' title='bbox 1660 1184 1726 1238; x_wconf 84' lang='lat' dir='ltr'><strong>Nutu</strong></span> <span class='ocrx_word' id='word_1_151' title='bbox 1740 1194 1768 1240; x_wconf 86' lang='lat' dir='ltr'><strong>et</strong></span> 
     </span>
     <span class='ocr_line' id='line_1_22' title="bbox 977 1266 1767 1347; baseline 0.02 -30"><span class='ocrx_word' id='word_1_152' title='bbox 977 1266 1121 1325; x_wconf 77' lang='lat' dir='ltr'><strong>vicesimus</strong></span> <span class='ocrx_word' id='word_1_153' title='bbox 1142 1284 1228 1327; x_wconf 91' lang='lat' dir='ltr'><strong>nouus</strong></span> <span class='ocrx_word' id='word_1_154' title='bbox 1245 1288 1331 1329; x_wconf 84' lang='lat' dir='ltr'><strong>canon</strong></span> <span class='ocrx_word' id='word_1_155' title='bbox 1349 1283 1505 1331; x_wconf 84' lang='lat' dir='ltr'><strong>sauctorum</strong></span> <span class='ocrx_word' id='word_1_156' title='bbox 1519 1278 1720 1347; x_wconf 77' lang='lat' dir='ltr'><strong>apostoloram,</strong></span> <span class='ocrx_word' id='word_1_157' title='bbox 1738 1286 1767 1333; x_wconf 84' lang='lat' dir='ltr'><strong>et</strong></span> 
     </span>
    </p>
   </div>
   <div class='ocr_carea' id='block_1_8' title="bbox 975 1364 1857 1443">
    <p class='ocr_par' dir='ltr' id='par_1_8' title="bbox 975 1364 1857 1443">
     <span class='ocr_line' id='line_1_23' title="bbox 975 1364 1857 1443; baseline 0.02 -32"><span class='ocrx_word' id='word_1_158' title='bbox 975 1367 1054 1413; x_wconf 87' lang='lat' dir='ltr'><strong>actus</strong></span> <span class='ocrx_word' id='word_1_159' title='bbox 1071 1364 1231 1429; x_wconf 80' lang='lat' dir='ltr'><strong>corumdem,</strong></span> <span class='ocrx_word' id='word_1_160' title='bbox 1244 1372 1273 1419; x_wconf 89' lang='lat' dir='ltr'><strong>et</strong></span> <span class='ocrx_word' id='word_1_161' title='bbox 1294 1368 1389 1424; x_wconf 90' lang='lat' dir='ltr'><strong>tertius</strong></span> <span class='ocrx_word' id='word_1_162' title='bbox 1405 1377 1432 1423; x_wconf 89' lang='lat' dir='ltr'><strong>ut</strong></span> <span class='ocrx_word' id='word_1_163' title='bbox 1447 1380 1560 1437; x_wconf 87' lang='lat' dir='ltr'><strong>quartus</strong></span> <span class='ocrx_word' id='word_1_164' title='bbox 1585 1370 1654 1427; x_wconf 86' lang='lat' dir='ltr'><strong>lllrcr</strong></span> <span class='ocrx_word' id='word_1_165' title='bbox 1669 1388 1765 1443; x_wconf 82' lang='lat' dir='ltr'><strong>reguo-</strong></span> <span class='ocrx_word' id='word_1_166' title='bbox 1854 1379 1857 1384; x_wconf 78' lang='grc'>’</span> 
     </span>
    </p>
   </div>
   <div class='ocr_carea' id='block_1_9' title="bbox 975 1451 1766 1534">
    <p class='ocr_par' dir='ltr' id='par_1_9' title="bbox 975 1451 1766 1534">
     <span class='ocr_line' id='line_1_24' title="bbox 975 1451 1766 1534; baseline 0.024 -32"><span class='ocrx_word' id='word_1_167' title='bbox 975 1463 1047 1518; x_wconf 91' lang='lat' dir='ltr'><strong>rum,</strong></span> <span class='ocrx_word' id='word_1_168' title='bbox 1073 1451 1193 1508; x_wconf 87' lang='lat' dir='ltr'><strong>ulicuunt</strong></span> <span class='ocrx_word' id='word_1_169' title='bbox 1216 1457 1329 1513; x_wconf 90' lang='lat' dir='ltr'><strong>omuino</strong></span> <span class='ocrx_word' id='word_1_170' title='bbox 1357 1475 1371 1513; x_wconf 88' lang='lat' dir='ltr'><strong>a</strong></span> <span class='ocrx_word' id='word_1_171' title='bbox 1396 1462 1550 1518; x_wconf 85' lang='lat' dir='ltr'><strong>sacerdotio</strong></span> <span class='ocrx_word' id='word_1_172' title='bbox 1586 1467 1766 1534; x_wconf 86' lang='lat' dir='ltr'><strong>pronuntiant</strong></span> 
     </span>
    </p>
   </div>
   <div class='ocr_carea' id='block_1_10' title="bbox 125 1528 1765 1979">
    <p class='ocr_par' dir='ltr' id='par_1_10' title="bbox 125 1528 1765 1900">
     <span class='ocr_line' id='line_1_25' title="bbox 127 1528 1765 1625; baseline 0.021 -46"><span class='ocrx_word' id='word_1_173' title='bbox 127 1528 191 1583; x_wconf 90' lang='lat' dir='ltr'><strong>illud</strong></span> <span class='ocrx_word' id='word_1_174' title='bbox 218 1532 346 1601; x_wconf 78' lang='lat' dir='ltr'><strong>acquirit.</strong></span> <span class='ocrx_word' id='word_1_175' title='bbox 373 1534 412 1591; x_wconf 87' lang='lat' dir='ltr'><strong>lta</strong></span> <span class='ocrx_word' id='word_1_176' title='bbox 436 1548 464 1591; x_wconf 93' lang='lat' dir='ltr'><strong>et</strong></span> <span class='ocrx_word' id='word_1_177' title='bbox 489 1538 536 1607; x_wconf 90' lang='lat' dir='ltr'><strong>qui</strong></span> <span class='ocrx_word' id='word_1_178' title='bbox 552 1540 622 1595; x_wconf 86' lang='lat' dir='ltr'><strong>lrarrc</strong></span> <span class='ocrx_word' id='word_1_179' title='bbox 639 1540 762 1611; x_wconf 88' lang='lat' dir='ltr'><strong>iniquam</strong></span> <span class='ocrx_word' id='word_1_180' title='bbox 787 1541 922 1597; x_wconf 79' lang='lat' dir='ltr'><strong>notionem</strong></span> <span class='ocrx_word' id='word_1_181' title='bbox 974 1542 1264 1616; x_wconf 77' lang='lat' dir='ltr'><strong>eumqulaliqusudo</strong></span> <span class='ocrx_word' id='word_1_182' title='bbox 1289 1548 1394 1605; x_wconf 89' lang='lat' dir='ltr'><strong>dederit</strong></span> <span class='ocrx_word' id='word_1_183' title='bbox 1407 1553 1450 1607; x_wconf 88' lang='lat' dir='ltr'><strong>rel</strong></span> <span class='ocrx_word' id='word_1_184' title='bbox 1472 1557 1606 1625; x_wconf 84' lang='lat' dir='ltr'><strong>acceperit</strong></span> <span class='ocrx_word' id='word_1_185' title='bbox 1623 1558 1765 1625; x_wconf 80' lang='lat' dir='ltr'><strong>pectrmam</strong></span> 
     </span>
     <span class='ocr_line' id='line_1_26' title="bbox 126 1626 1765 1719; baseline 0.021 -48"><span class='ocrx_word' id='word_1_186' title='bbox 126 1633 297 1691; x_wconf 75' lang='lat' dir='ltr'><strong>«spissantur,</strong></span> <span class='ocrx_word' id='word_1_187' title='bbox 325 1626 473 1685; x_wconf 87' lang='lat' dir='ltr'><strong>detralruut</strong></span> <span class='ocrx_word' id='word_1_188' title='bbox 497 1630 610 1702; x_wconf 86' lang='lat' dir='ltr'><strong>Spiritui</strong></span> <span class='ocrx_word' id='word_1_189' title='bbox 637 1643 752 1699; x_wconf 73' lang='lat' dir='ltr'><strong>salicto,</strong></span> <span class='ocrx_word' id='word_1_190' title='bbox 783 1635 924 1704; x_wconf 76' lang='lat' dir='ltr'><strong>aqualiter</strong></span> <span class='ocrx_word' id='word_1_191' title='bbox 974 1630 1002 1687; x_wconf 89' lang='lat' dir='ltr'><strong>lu</strong></span> <span class='ocrx_word' id='word_1_192' title='bbox 1018 1632 1110 1703; x_wconf 88' lang='lat' dir='ltr'><strong>aliquo</strong></span> <span class='ocrx_word' id='word_1_193' title='bbox 1128 1646 1260 1709; x_wconf 88' lang='lat' dir='ltr'><strong>tempore,</strong></span> <span class='ocrx_word' id='word_1_194' title='bbox 1279 1642 1412 1699; x_wconf 86' lang='lat' dir='ltr'><strong>siresntu</strong></span> <span class='ocrx_word' id='word_1_195' title='bbox 1432 1660 1529 1701; x_wconf 80' lang='lat' dir='ltr'><strong>maurus</strong></span> <span class='ocrx_word' id='word_1_196' title='bbox 1552 1647 1765 1719; x_wconf 87' lang='lat' dir='ltr'><strong>impositionem,</strong></span> 
     </span>
     <span class='ocr_line' id='line_1_27' title="bbox 127 1720 1764 1808; baseline 0.019 -39"><span class='ocrx_word' id='word_1_197' title='bbox 127 1726 273 1779; x_wconf 77' lang='lat' dir='ltr'><strong>pressantes</strong></span> <span class='ocrx_word' id='word_1_198' title='bbox 295 1720 353 1784; x_wconf 86' lang='lat' dir='ltr'><strong>luis,</strong></span> <span class='ocrx_word' id='word_1_199' title='bbox 374 1722 420 1791; x_wconf 93' lang='lat' dir='ltr'><strong>qui</strong></span> <span class='ocrx_word' id='word_1_200' title='bbox 446 1722 725 1793; x_wconf 76' lang='lat' dir='ltr'><strong>blasphemaverunt,</strong></span> <span class='ocrx_word' id='word_1_201' title='bbox 752 1725 874 1781; x_wconf 85' lang='lat' dir='ltr'><strong>dicentes</strong></span> <span class='ocrx_word' id='word_1_202' title='bbox 886 1724 922 1791; x_wconf 77' lang='lat'><strong>&#39;⁰,</strong></span> <span class='ocrx_word' id='word_1_203' title='bbox 974 1724 1043 1783; x_wconf 80' lang='lat' dir='ltr'><strong>‘sire</strong></span> <span class='ocrx_word' id='word_1_204' title='bbox 1054 1728 1083 1783; x_wconf 89' lang='lat' dir='ltr'><strong>iu</strong></span> <span class='ocrx_word' id='word_1_205' title='bbox 1096 1730 1153 1801; x_wconf 88' lang='lat' dir='ltr'><strong>ipsa</strong></span> <span class='ocrx_word' id='word_1_206' title='bbox 1166 1746 1262 1787; x_wconf 79' lang='lat' dir='ltr'><strong>triarius</strong></span> <span class='ocrx_word' id='word_1_207' title='bbox 1274 1732 1469 1805; x_wconf 81' lang='lat' dir='ltr'><strong>impositione‘,</strong></span> <span class='ocrx_word' id='word_1_208' title='bbox 1485 1740 1545 1795; x_wconf 84' lang='lat' dir='ltr'><strong>sire</strong></span> <span class='ocrx_word' id='word_1_209' title='bbox 1569 1741 1764 1808; x_wconf 60' lang='lat' dir='ltr'><strong>posteram-</strong></span> 
     </span>
     <span class='ocr_line' id='line_1_28' title="bbox 125 1810 1563 1900; baseline 0.018 -41"><span class='ocrx_word' id='word_1_210' title='bbox 125 1810 269 1865; x_wconf 74' lang='lat' dir='ltr'><strong>tllnistum</strong></span> <span class='ocrx_word' id='word_1_211' title='bbox 288 1812 315 1867; x_wconf 89' lang='lat' dir='ltr'><strong>iu</strong></span> <span class='ocrx_word' id='word_1_212' title='bbox 332 1813 591 1886; x_wconf 80' lang='lat' dir='ltr'><strong>lieelselmlrcjicero</strong></span> <span class='ocrx_word' id='word_1_213' title='bbox 603 1816 767 1871; x_wconf 80' lang='lat' dir='ltr'><strong>rlaeirnouia⁸¹</strong></span> <span class='ocrx_word' id='word_1_214' title='bbox 784 1824 877 1887; x_wconf 84' lang='lat' dir='ltr'><strong>atque,</strong></span> <span class='ocrx_word' id='word_1_215' title='bbox 893 1826 923 1871; x_wconf 92' lang='lat' dir='ltr'><strong>ut</strong></span> <span class='ocrx_word' id='word_1_216' title='bbox 973 1832 1038 1887; x_wconf 86' lang='lat' dir='ltr'><strong>pere</strong></span> <span class='ocrx_word' id='word_1_217' title='bbox 1053 1821 1126 1875; x_wconf 88' lang='lat' dir='ltr'><strong>enim</strong></span> <span class='ocrx_word' id='word_1_218' title='bbox 1142 1832 1186 1877; x_wconf 87' lang='lat' dir='ltr'><strong>est</strong></span> <span class='ocrx_word' id='word_1_219' title='bbox 1198 1826 1415 1899; x_wconf 82' lang='lat' dir='ltr'><strong>quandocunque</strong></span> <span class='ocrx_word' id='word_1_220' title='bbox 1426 1831 1563 1900; x_wconf 87' lang='lat' dir='ltr'><strong>accipere.</strong></span> 
     </span>
    </p>

    <p class='ocr_par' dir='ltr' id='par_1_11' title="bbox 126 1903 1384 1979">
     <span class='ocr_line' id='line_1_29' title="bbox 126 1903 1384 1979; baseline 0.016 -28"><span class='ocrx_word' id='word_1_221' title='bbox 126 1903 217 1959; x_wconf 78' lang='lat' dir='ltr'><strong>surius</strong></span> <span class='ocrx_word' id='word_1_222' title='bbox 233 1904 368 1972; x_wconf 84' lang='lat' dir='ltr'><strong>dicemus,</strong></span> <span class='ocrx_word' id='word_1_223' title='bbox 388 1905 464 1965; x_wconf 76' lang='lat' dir='ltr'><strong>dude</strong></span> <span class='ocrx_word' id='word_1_224' title='bbox 489 1918 694 1979; x_wconf 74' lang='lat' dir='ltr'><strong>comparantur</strong></span> <span class='ocrx_word' id='word_1_225' title='bbox 709 1908 852 1979; x_wconf 87' lang='lat' dir='ltr'><strong>proditori,</strong></span> <span class='ocrx_word' id='word_1_226' title='bbox 875 1909 923 1979; x_wconf 87' lang='lat' dir='ltr'><strong>qut</strong></span> <span class='ocrx_word' id='word_1_227' title='bbox 1348 1945 1384 1959; x_wconf 89' lang='lat'><em>-</em></span> 
     </span>
    </p>
   </div>
   <div class='ocr_carea' id='block_1_11' title="bbox 650 2032 1195 2107">
    <p class='ocr_par' dir='ltr' id='par_1_12' title="bbox 650 2032 1195 2107">
     <span class='ocr_line' id='line_1_30' title="bbox 650 2032 1195 2107; baseline 0.015 -8"><span class='ocrx_word' id='word_1_228' title='bbox 650 2032 654 2041; x_wconf 77' lang='grc'><strong>’</strong></span> <span class='ocrx_word' id='word_1_229' title='bbox 692 2040 910 2102; x_wconf 70' lang='lat' dir='ltr'><strong>postmontis</strong></span> <span class='ocrx_word' id='word_1_230' title='bbox 922 2044 1195 2107; x_wconf 69' lang='lat' dir='ltr'><strong>connectuntur.</strong></span> 
     </span>
    </p>
   </div>
   <div class='ocr_carea' id='block_1_12' title="bbox 124 2169 1774 2482">
    <p class='ocr_par' dir='ltr' id='par_1_13' title="bbox 124 2169 1774 2276">
     <span class='ocr_line' id='line_1_31' title="bbox 124 2169 1774 2276; baseline 0.018 -45"><span class='ocrx_word' id='word_1_231' title='bbox 124 2180 295 2259; x_wconf 63' lang='grc' dir='ltr'><strong>διδιιωλίᾳ,</strong></span> <span class='ocrx_word' id='word_1_232' title='bbox 319 2191 364 2243; x_wconf 72' lang='lat' dir='ltr'><strong>eat</strong></span> <span class='ocrx_word' id='word_1_233' title='bbox 385 2190 445 2250; x_wconf 60' lang='lat' dir='ltr'><strong>eud,-</strong></span> <span class='ocrx_word' id='word_1_234' title='bbox 461 2188 635 2261; x_wconf 62' lang='lat' dir='ltr'><strong>dudipmrae</strong></span> <span class='ocrx_word' id='word_1_235' title='bbox 658 2190 784 2262; x_wconf 64' lang='lat' dir='ltr'><strong>tttppsu.</strong></span> <span class='ocrx_word' id='word_1_236' title='bbox 805 2188 917 2261; x_wconf 73' lang='grc' dir='ltr'><strong>οἴχεται</strong></span> <span class='ocrx_word' id='word_1_237' title='bbox 934 2169 1082 2243; x_wconf 83' lang='lat' dir='ltr'><strong>Btrudito.</strong></span> <span class='ocrx_word' id='word_1_238' title='bbox 1096 2187 1171 2275; x_wconf 71' lang='lat' dir='ltr'><strong>Etsi=</strong></span> <span class='ocrx_word' id='word_1_239' title='bbox 1182 2191 1245 2260; x_wconf 88' lang='lat' dir='ltr'><strong>qnid</strong></span> <span class='ocrx_word' id='word_1_240' title='bbox 1256 2192 1350 2276; x_wconf 78' lang='lat' dir='ltr'><strong>lterum</strong></span> <span class='ocrx_word' id='word_1_241' title='bbox 1370 2194 1402 2247; x_wconf 87' lang='lat' dir='ltr'><strong>ab</strong></span> <span class='ocrx_word' id='word_1_242' title='bbox 1417 2195 1551 2267; x_wconf 72' lang='lat' dir='ltr'><strong>aliquibus</strong></span> <span class='ocrx_word' id='word_1_243' title='bbox 1569 2200 1695 2257; x_wconf 82' lang='lat' dir='ltr'><strong>uiolatum</strong></span> <span class='ocrx_word' id='word_1_244' title='bbox 1709 2214 1774 2268; x_wconf 69' lang='lat' dir='ltr'><strong>esu*</strong></span> 
     </span>
    </p>

    <p class='ocr_par' dir='ltr' id='par_1_14' title="bbox 124 2259 1761 2482">
     <span class='ocr_line' id='line_1_32' title="bbox 125 2259 1760 2334; baseline 0.019 -34"><span class='ocrx_word' id='word_1_245' title='bbox 125 2259 208 2309; x_wconf 62' lang='lat' dir='ltr'><strong>wrm</strong></span> <span class='ocrx_word' id='word_1_246' title='bbox 220 2263 304 2311; x_wconf 58' lang='lat' dir='ltr'><strong>fuum</strong></span> <span class='ocrx_word' id='word_1_247' title='bbox 318 2262 401 2314; x_wconf 63' lang='grc' dir='ltr'>πάντα</span> <span class='ocrx_word' id='word_1_248' title='bbox 414 2262 440 2313; x_wconf 77' lang='lat' dir='ltr'><strong>in</strong></span> <span class='ocrx_word' id='word_1_249' title='bbox 452 2266 498 2315; x_wconf 67' lang='grc' dir='ltr'><strong>τοῦ</strong></span> <span class='ocrx_word' id='word_1_250' title='bbox 510 2262 920 2334; x_wconf 62' lang='grc' dir='ltr'><strong>πράων,καίἁγιρασιοῦτήιίι·</strong></span> <span class='ocrx_word' id='word_1_251' title='bbox 970 2274 1132 2313; x_wconf 77' lang='grc' dir='ltr'>ιιιιιιιιιιιιιι.</span> <span class='ocrx_word' id='word_1_252' title='bbox 1147 2259 1277 2317; x_wconf 70' lang='lat' dir='ltr'><strong>iresterna</strong></span> <span class='ocrx_word' id='word_1_253' title='bbox 1290 2272 1375 2331; x_wconf 83' lang='lat' dir='ltr'><strong>tprtur</strong></span> <span class='ocrx_word' id='word_1_254' title='bbox 1384 2277 1468 2320; x_wconf 87' lang='lat' dir='ltr'><strong>restro</strong></span> <span class='ocrx_word' id='word_1_255' title='bbox 1489 2284 1591 2324; x_wconf 86' lang='lat' dir='ltr'><strong>somaro</strong></span> <span class='ocrx_word' id='word_1_256' title='bbox 1611 2274 1760 2331; x_wconf 85' lang='lat' dir='ltr'><strong>sacerdotio</strong></span> 
     </span>
     <span class='ocr_line' id='line_1_33' title="bbox 124 2322 1761 2406; baseline 0.016 -34"><span class='ocrx_word' id='word_1_257' title='bbox 124 2329 287 2400; x_wconf 54' lang='lat' dir='ltr'><strong>pumturum</strong></span> <span class='ocrx_word' id='word_1_258' title='bbox 296 2322 339 2381; x_wconf 71' lang='lat' dir='ltr'><strong>ebs</strong></span> <span class='ocrx_word' id='word_1_259' title='bbox 350 2332 514 2386; x_wconf 62' lang='lat' dir='ltr'><strong>pensitamus</strong></span> <span class='ocrx_word' id='word_1_260' title='bbox 521 2331 662 2403; x_wconf 65' lang='lat' dir='ltr'><strong>&amp;prolusisse</strong></span> <span class='ocrx_word' id='word_1_261' title='bbox 673 2336 781 2405; x_wconf 74' lang='grc' dir='ltr'><strong>χρήσεις</strong></span> <span class='ocrx_word' id='word_1_262' title='bbox 791 2332 919 2406; x_wconf 71' lang='grc' dir='ltr'>ἀλλότριοι</span> <span class='ocrx_word' id='word_1_263' title='bbox 969 2342 1115 2397; x_wconf 82' lang='lat' dir='ltr'><strong>couprueus</strong></span> <span class='ocrx_word' id='word_1_264' title='bbox 1138 2333 1277 2395; x_wconf 86' lang='lat' dir='ltr'><strong>sunctitns,</strong></span> <span class='ocrx_word' id='word_1_265' title='bbox 1301 2334 1415 2403; x_wconf 83' lang='lat' dir='ltr'><strong>lepitiure</strong></span> <span class='ocrx_word' id='word_1_266' title='bbox 1437 2347 1460 2391; x_wconf 91' lang='lat' dir='ltr'><strong>et</strong></span> <span class='ocrx_word' id='word_1_267' title='bbox 1477 2348 1537 2405; x_wconf 88' lang='lat' dir='ltr'><strong>apte</strong></span> <span class='ocrx_word' id='word_1_268' title='bbox 1554 2342 1589 2393; x_wconf 90' lang='lat' dir='ltr'><strong>nd</strong></span> <span class='ocrx_word' id='word_1_269' title='bbox 1601 2340 1761 2399; x_wconf 82' lang='lat' dir='ltr'><strong>uoluntatem</strong></span> 
     </span>
     <span class='ocr_line' id='line_1_34' title="bbox 124 2389 1761 2482; baseline 0.012 -33"><span class='ocrx_word' id='word_1_270' title='bbox 124 2408 206 2455; x_wconf 76' lang='grc' dir='ltr'>πᾱιτη</span> <span class='ocrx_word' id='word_1_271' title='bbox 225 2406 273 2458; x_wconf 74' lang='grc' dir='ltr'><strong>τῆς</strong></span> <span class='ocrx_word' id='word_1_272' title='bbox 293 2389 645 2475; x_wconf 69' lang='lat' dir='ltr'><strong>ispoedans&#39;duupsinmrei,</strong></span> <span class='ocrx_word' id='word_1_273' title='bbox 669 2405 711 2457; x_wconf 80' lang='lat' dir='ltr'><strong>riu</strong></span> <span class='ocrx_word' id='word_1_274' title='bbox 726 2404 788 2463; x_wconf 77' lang='lat' dir='ltr'><strong>nusi</strong></span> <span class='ocrx_word' id='word_1_275' title='bbox 807 2400 918 2463; x_wconf 73' lang='grc' dir='ltr'>δόνταῆ</span> <span class='ocrx_word' id='word_1_276' title='bbox 972 2398 1020 2451; x_wconf 80' lang='lat' dir='ltr'><strong>oet</strong></span> <span class='ocrx_word' id='word_1_277' title='bbox 1050 2402 1239 2456; x_wconf 80' lang='lat' dir='ltr'><strong>sacerdotalem</strong></span> <span class='ocrx_word' id='word_1_278' title='bbox 1279 2405 1514 2473; x_wconf 73' lang='lat' dir='ltr'><strong>sarratilicrrtioneru</strong></span> <span class='ocrx_word' id='word_1_279' title='bbox 1550 2412 1761 2482; x_wconf 86' lang='lat' dir='ltr'><strong>administrans,</strong></span> 
     </span>
    </p>
   </div>
   <div class='ocr_carea' id='block_1_13' title="bbox 122 2466 919 2687">
    <p class='ocr_par' dir='ltr' id='par_1_15' title="bbox 122 2466 919 2687">
     <span class='ocr_line' id='line_1_35' title="bbox 124 2466 919 2549; baseline 0.008 -28"><span class='ocrx_word' id='word_1_280' title='bbox 124 2466 233 2523; x_wconf 68' lang='lat' dir='ltr'><strong>mttere</strong></span> <span class='ocrx_word' id='word_1_281' title='bbox 250 2470 276 2521; x_wconf 78' lang='grc' dir='ltr'><strong>ἐν</strong></span> <span class='ocrx_word' id='word_1_282' title='bbox 289 2466 332 2539; x_wconf 73' lang='lat' dir='ltr'><strong>sip</strong></span> <span class='ocrx_word' id='word_1_283' title='bbox 351 2470 446 2531; x_wconf 78' lang='lat' dir='ltr'><strong>dirrare</strong></span> <span class='ocrx_word' id='word_1_284' title='bbox 468 2476 567 2547; x_wconf 68' lang='grc' dir='ltr'>χρόνῳ,</span> <span class='ocrx_word' id='word_1_285' title='bbox 587 2471 637 2529; x_wconf 82' lang='lat' dir='ltr'><strong>s&#39;s&#39;rt</strong></span> <span class='ocrx_word' id='word_1_286' title='bbox 661 2474 704 2527; x_wconf 83' lang='lat' dir='ltr'><strong>nei</strong></span> <span class='ocrx_word' id='word_1_287' title='bbox 724 2475 838 2549; x_wconf 77' lang='grc' dir='ltr'>πρὸτῆς</span> <span class='ocrx_word' id='word_1_288' title='bbox 859 2492 919 2543; x_wconf 83' lang='grc' dir='ltr'>χιι·</span> 
     </span>
     <span class='ocr_line' id='line_1_36' title="bbox 122 2538 916 2619; baseline 0.01 -25"><span class='ocrx_word' id='word_1_289' title='bbox 122 2542 248 2611; x_wconf 77' lang='lat' dir='ltr'><strong>perusiae,</strong></span> <span class='ocrx_word' id='word_1_290' title='bbox 266 2538 317 2595; x_wconf 84' lang='grc' dir='ltr'><strong>ι”τι</strong></span> <span class='ocrx_word' id='word_1_291' title='bbox 332 2546 375 2595; x_wconf 77' lang='lat' dir='ltr'><strong>eui</strong></span> <span class='ocrx_word' id='word_1_292' title='bbox 389 2542 413 2594; x_wconf 76' lang='lat' dir='ltr'><strong>iu</strong></span> <span class='ocrx_word' id='word_1_293' title='bbox 434 2553 465 2617; x_wconf 70' lang='lat' dir='ltr'><strong>si</strong></span> <span class='ocrx_word' id='word_1_294' title='bbox 481 2546 634 2619; x_wconf 71' lang='grc' dir='ltr'><strong>χειριτιιίᾳ,</strong></span> <span class='ocrx_word' id='word_1_295' title='bbox 660 2543 711 2599; x_wconf 80' lang='grc' dir='ltr'><strong>εἴτι</strong></span> <span class='ocrx_word' id='word_1_296' title='bbox 725 2547 769 2599; x_wconf 83' lang='lat' dir='ltr'><strong>nei</strong></span> <span class='ocrx_word' id='word_1_297' title='bbox 785 2546 851 2617; x_wconf 73' lang='grc' dir='ltr'><strong>μετὰ</strong></span> <span class='ocrx_word' id='word_1_298' title='bbox 871 2549 916 2603; x_wconf 74' lang='lat' dir='ltr'><strong>rm</strong></span> 
     </span>
     <span class='ocr_line' id='line_1_37' title="bbox 146 2612 914 2687; baseline 0.007 -25"><span class='ocrx_word' id='word_1_299' title='bbox 146 2628 168 2665; x_wconf 82' lang='lat' dir='ltr'><strong>ss</strong></span> <span class='ocrx_word' id='word_1_300' title='bbox 187 2612 294 2665; x_wconf 78' lang='lat' dir='ltr'><strong>orosius.</strong></span> <span class='ocrx_word' id='word_1_301' title='bbox 324 2613 415 2669; x_wconf 70' lang='lat' dir='ltr'><strong>liniris</strong></span> <span class='ocrx_word' id='word_1_302' title='bbox 438 2617 487 2687; x_wconf 63' lang='grc' dir='ltr'><strong>γάρ</strong></span> <span class='ocrx_word' id='word_1_303' title='bbox 510 2616 613 2671; x_wconf 77' lang='grc' dir='ltr'>ἔστιτὸ</span> <span class='ocrx_word' id='word_1_304' title='bbox 642 2614 727 2669; x_wconf 64' lang='grc' dir='ltr'>λιιῧιῑι</span> <span class='ocrx_word' id='word_1_305' title='bbox 747 2612 788 2670; x_wconf 88' lang='lat' dir='ltr'><strong>e&#39;rt</strong></span> <span class='ocrx_word' id='word_1_306' title='bbox 809 2614 914 2674; x_wconf 80' lang='lat' dir='ltr'><strong>dirrare.</strong></span> 
     </span>
    </p>
   </div>
   <div class='ocr_carea' id='block_1_14' title="bbox 121 2681 915 2837">
    <p class='ocr_par' dir='ltr' id='par_1_16' title="bbox 121 2681 915 2837">
     <span class='ocr_line' id='line_1_38' title="bbox 129 2681 915 2761; baseline 0.01 -28"><span class='ocrx_word' id='word_1_307' title='bbox 129 2686 149 2733; x_wconf 79' lang='lat' dir='ltr'><strong>d</strong></span> <span class='ocrx_word' id='word_1_308' title='bbox 185 2682 191 2699; x_wconf 80' lang='lat'><strong>¹</strong></span> <span class='ocrx_word' id='word_1_309' title='bbox 208 2681 348 2743; x_wconf 69' lang='lat' dir='ltr'><strong>noluisses</strong></span> <span class='ocrx_word' id='word_1_310' title='bbox 367 2686 413 2745; x_wconf 76' lang='grc' dir='ltr'><strong>τὰς</strong></span> <span class='ocrx_word' id='word_1_311' title='bbox 433 2686 562 2761; x_wconf 65' lang='lat' dir='ltr'><strong>spedulia</strong></span> <span class='ocrx_word' id='word_1_312' title='bbox 575 2689 623 2747; x_wconf 78' lang='grc' dir='ltr'><strong>τὰς</strong></span> <span class='ocrx_word' id='word_1_313' title='bbox 635 2686 842 2745; x_wconf 68' lang='grc' dir='ltr'><strong>ι’κνλησιαιιτικάς</strong></span> <span class='ocrx_word' id='word_1_314' title='bbox 855 2687 915 2757; x_wconf 79' lang='lat' dir='ltr'><strong>irps·</strong></span> 
     </span>
     <span class='ocr_line' id='line_1_39' title="bbox 121 2750 914 2837; baseline -0.006 -22"><span class='ocrx_word' id='word_1_315' title='bbox 121 2752 237 2833; x_wconf 52' lang='lat' dir='ltr'><strong>diiij-&#39;⁶¹⁹</strong></span> <span class='ocrx_word' id='word_1_316' title='bbox 247 2750 304 2833; x_wconf 68' lang='grc' dir='ltr'><strong>Ι[ιιΙ.</strong></span> <span class='ocrx_word' id='word_1_317' title='bbox 323 2756 484 2836; x_wconf 68' lang='lat' dir='ltr'><strong>dpuspuium]</strong></span> <span class='ocrx_word' id='word_1_318' title='bbox 499 2758 542 2811; x_wconf 77' lang='lat' dir='ltr'><strong>&#39;sni</strong></span> <span class='ocrx_word' id='word_1_319' title='bbox 555 2764 586 2831; x_wconf 76' lang='grc' dir='ltr'><strong>τῇ</strong></span> <span class='ocrx_word' id='word_1_320' title='bbox 601 2764 650 2811; x_wconf 82' lang='grc' dir='ltr'><strong>τῶι</strong></span> <span class='ocrx_word' id='word_1_321' title='bbox 672 2758 814 2837; x_wconf 69' lang='grc' dir='ltr'>χρημάτιιν</span> <span class='ocrx_word' id='word_1_322' title='bbox 834 2754 914 2813; x_wconf 79' lang='lat' dir='ltr'><strong>disse.</strong></span> 
     </span>
    </p>
   </div>
   <div class='ocr_carea' id='block_1_15' title="bbox 119 2820 916 3579">
    <p class='ocr_par' dir='ltr' id='par_1_17' title="bbox 119 2820 916 3579">
     <span class='ocr_line' id='line_1_40' title="bbox 158 2820 916 2897; baseline 0.009 -24"><span class='ocrx_word' id='word_1_323' title='bbox 158 2820 251 2874; x_wconf 80' lang='lat' dir='ltr'><strong>dratrt</strong></span> <span class='ocrx_word' id='word_1_324' title='bbox 266 2836 290 2874; x_wconf 88' lang='lat' dir='ltr'><strong>et</strong></span> <span class='ocrx_word' id='word_1_325' title='bbox 305 2836 483 2879; x_wconf 85' lang='lat' dir='ltr'><strong>curtrmuustru</strong></span> <span class='ocrx_word' id='word_1_326' title='bbox 506 2843 587 2895; x_wconf 87' lang='lat' dir='ltr'><strong>usque</strong></span> <span class='ocrx_word' id='word_1_327' title='bbox 606 2842 689 2897; x_wconf 83' lang='lat' dir='ltr'><strong>traque</strong></span> <span class='ocrx_word' id='word_1_328' title='bbox 711 2828 876 2881; x_wconf 80' lang='lat' dir='ltr'><strong>sanctissimo</strong></span> <span class='ocrx_word' id='word_1_329' title='bbox 890 2832 916 2880; x_wconf 88' lang='lat' dir='ltr'><strong>et</strong></span> 
     </span>
     <span class='ocr_line' id='line_1_41' title="bbox 122 2844 913 2966; baseline 0.014 -25"><span class='ocrx_word' id='word_1_330' title='bbox 122 2892 275 2945; x_wconf 88' lang='lat' dir='ltr'><strong>beatissimo</strong></span> <span class='ocrx_word' id='word_1_331' title='bbox 297 2892 410 2947; x_wconf 84' lang='lat' dir='ltr'><strong>Dourion</strong></span> <span class='ocrx_word' id='word_1_332' title='bbox 426 2894 564 2951; x_wconf 83' lang='lat' dir='ltr'><strong>liudriuuo</strong></span> <span class='ocrx_word' id='word_1_333' title='bbox 588 2844 670 2966; x_wconf 53' lang='lat' dir='ltr'><strong>d&#39;nptu</strong></span> <span class='ocrx_word' id='word_1_334' title='bbox 698 2896 790 2950; x_wconf 81' lang='lat' dir='ltr'><strong>ueteris</strong></span> <span class='ocrx_word' id='word_1_335' title='bbox 813 2894 913 2951; x_wconf 80' lang='lat' dir='ltr'><strong>ltouiu.</strong></span> 
     </span>
     <span class='ocr_line' id='line_1_42' title="bbox 123 2960 915 3033; baseline 0.006 -20"><span class='ocrx_word' id='word_1_336' title='bbox 123 2960 388 3032; x_wconf 81' lang='lat' dir='ltr'><strong>&#39;inrusiusiudiquus</strong></span> <span class='ocrx_word' id='word_1_337' title='bbox 416 2966 551 3033; x_wconf 87' lang='lat' dir='ltr'><strong>episeopus</strong></span> <span class='ocrx_word' id='word_1_338' title='bbox 578 2964 817 3031; x_wconf 85' lang='lat' dir='ltr'><strong>Constantinopolis</strong></span> <span class='ocrx_word' id='word_1_339' title='bbox 842 2981 915 3021; x_wconf 83' lang='lat' dir='ltr'><strong>noum</strong></span> 
     </span>
     <span class='ocr_line' id='line_1_43' title="bbox 121 3030 912 3107; baseline 0.005 -22"><span class='ocrx_word' id='word_1_340' title='bbox 121 3030 212 3085; x_wconf 80' lang='lat' dir='ltr'><strong>blame</strong></span> <span class='ocrx_word' id='word_1_341' title='bbox 226 3034 254 3086; x_wconf 92' lang='lat' dir='ltr'><strong>in</strong></span> <span class='ocrx_word' id='word_1_342' title='bbox 284 3032 396 3087; x_wconf 81' lang='lat' dir='ltr'><strong>Duritiuu</strong></span> <span class='ocrx_word' id='word_1_343' title='bbox 422 3036 451 3089; x_wconf 87' lang='lat' dir='ltr'><strong>S.</strong></span> <span class='ocrx_word' id='word_1_344' title='bbox 467 3036 651 3107; x_wconf 85' lang='lat' dir='ltr'><strong>diuitipiiciter</strong></span> <span class='ocrx_word' id='word_1_345' title='bbox 665 3037 805 3104; x_wconf 87' lang='lat' dir='ltr'><strong>multisque</strong></span> <span class='ocrx_word' id='word_1_346' title='bbox 826 3037 912 3089; x_wconf 86' lang='lat' dir='ltr'><strong>modis</strong></span> 
     </span>
     <span class='ocr_line' id='line_1_44' title="bbox 120 3103 914 3177; baseline 0.01 -24"><span class='ocrx_word' id='word_1_347' title='bbox 120 3118 152 3155; x_wconf 84' lang='lat' dir='ltr'><strong>er</strong></span> <span class='ocrx_word' id='word_1_348' title='bbox 176 3103 315 3173; x_wconf 84' lang='lat' dir='ltr'><strong>euurrpelt&#39;o</strong></span> <span class='ocrx_word' id='word_1_349' title='bbox 344 3115 367 3157; x_wconf 86' lang='lat' dir='ltr'><strong>et</strong></span> <span class='ocrx_word' id='word_1_350' title='bbox 393 3109 572 3165; x_wconf 76' lang='lat' dir='ltr'><strong>rrprostoioruns</strong></span> <span class='ocrx_word' id='word_1_351' title='bbox 596 3106 758 3177; x_wconf 84' lang='lat' dir='ltr'><strong>Patremque</strong></span> <span class='ocrx_word' id='word_1_352' title='bbox 779 3109 914 3175; x_wconf 72' lang='lat' dir='ltr'><strong>procantis</strong></span> 
     </span>
     <span class='ocr_line' id='line_1_45' title="bbox 119 3171 912 3245; baseline 0.009 -22"><span class='ocrx_word' id='word_1_353' title='bbox 119 3171 257 3237; x_wconf 88' lang='lat' dir='ltr'><strong>docentur,</strong></span> <span class='ocrx_word' id='word_1_354' title='bbox 273 3176 299 3227; x_wconf 91' lang='lat' dir='ltr'><strong>t&#39;n</strong></span> <span class='ocrx_word' id='word_1_355' title='bbox 315 3177 520 3245; x_wconf 79' lang='lat' dir='ltr'><strong>sanctificatione</strong></span> <span class='ocrx_word' id='word_1_356' title='bbox 532 3178 671 3233; x_wconf 70' lang='lat' dir='ltr'><strong>sacordotii</strong></span> <span class='ocrx_word' id='word_1_357' title='bbox 689 3193 772 3232; x_wconf 86' lang='lat' dir='ltr'><strong>morer</strong></span> <span class='ocrx_word' id='word_1_358' title='bbox 801 3176 833 3229; x_wconf 87' lang='lat' dir='ltr'><strong>nb</strong></span> <span class='ocrx_word' id='word_1_359' title='bbox 848 3193 912 3230; x_wconf 88' lang='lat' dir='ltr'><strong>auo-</strong></span> 
     </span>
     <span class='ocr_line' id='line_1_46' title="bbox 120 3244 912 3318; baseline 0.009 -25"><span class='ocrx_word' id='word_1_360' title='bbox 120 3244 182 3296; x_wconf 85' lang='lat' dir='ltr'><strong>ritin</strong></span> <span class='ocrx_word' id='word_1_361' title='bbox 197 3245 274 3311; x_wconf 84' lang='lat' dir='ltr'><strong>lorrpe</strong></span> <span class='ocrx_word' id='word_1_362' title='bbox 285 3244 384 3298; x_wconf 88' lang='lat' dir='ltr'><strong>alienos</strong></span> <span class='ocrx_word' id='word_1_363' title='bbox 397 3260 533 3312; x_wconf 76' lang='lat' dir='ltr'><strong>prestare,</strong></span> <span class='ocrx_word' id='word_1_364' title='bbox 556 3264 637 3318; x_wconf 90' lang='lat' dir='ltr'><strong>neque</strong></span> <span class='ocrx_word' id='word_1_365' title='bbox 651 3250 679 3303; x_wconf 91' lang='lat' dir='ltr'><strong>in</strong></span> <span class='ocrx_word' id='word_1_366' title='bbox 694 3246 775 3301; x_wconf 87' lang='lat' dir='ltr'><strong>ullius</strong></span> <span class='ocrx_word' id='word_1_367' title='bbox 790 3246 912 3301; x_wconf 87' lang='lat' dir='ltr'><strong>sacerdo·</strong></span> 
     </span>
     <span class='ocr_line' id='line_1_47' title="bbox 119 3314 912 3387; baseline 0.013 -24"><span class='ocrx_word' id='word_1_368' title='bbox 119 3314 180 3367; x_wconf 89' lang='lat' dir='ltr'><strong>tuiis</strong></span> <span class='ocrx_word' id='word_1_369' title='bbox 194 3314 245 3369; x_wconf 88' lang='lat' dir='ltr'><strong>uiri</strong></span> <span class='ocrx_word' id='word_1_370' title='bbox 261 3316 426 3370; x_wconf 84' lang='lat' dir='ltr'><strong>ordinatione</strong></span> <span class='ocrx_word' id='word_1_371' title='bbox 438 3334 533 3373; x_wconf 88' lang='lat' dir='ltr'><strong>aurum</strong></span> <span class='ocrx_word' id='word_1_372' title='bbox 544 3330 711 3387; x_wconf 77' lang='lat' dir='ltr'><strong>utpetttumue</strong></span> <span class='ocrx_word' id='word_1_373' title='bbox 735 3319 853 3387; x_wconf 80' lang='lat' dir='ltr'><strong>accipere</strong></span> <span class='ocrx_word' id='word_1_374' title='bbox 866 3327 912 3373; x_wconf 87' lang='lat' dir='ltr'><strong>out</strong></span> 
     </span>
     <span class='ocr_line' id='line_1_48' title="bbox 119 3382 911 3459; baseline 0.009 -24"><span class='ocrx_word' id='word_1_375' title='bbox 119 3382 194 3437; x_wconf 81' lang='lat' dir='ltr'><strong>uiiud</strong></span> <span class='ocrx_word' id='word_1_376' title='bbox 208 3386 345 3455; x_wconf 79' lang='lat' dir='ltr'><strong>quippiam</strong></span> <span class='ocrx_word' id='word_1_377' title='bbox 360 3388 433 3441; x_wconf 80' lang='lat' dir='ltr'><strong>uoltis</strong></span> <span class='ocrx_word' id='word_1_378' title='bbox 453 3388 602 3457; x_wconf 86' lang='lat' dir='ltr'><strong>oetrdioure,</strong></span> <span class='ocrx_word' id='word_1_379' title='bbox 627 3390 697 3459; x_wconf 89' lang='lat' dir='ltr'><strong>quod</strong></span> <span class='ocrx_word' id='word_1_380' title='bbox 721 3390 856 3443; x_wconf 82' lang='lat' dir='ltr'><strong>sententiar</strong></span> <span class='ocrx_word' id='word_1_381' title='bbox 878 3404 911 3442; x_wconf 85' lang='lat' dir='ltr'><strong>er</strong></span> 
     </span>
     <span class='ocr_line' id='line_1_49' title="bbox 119 3455 911 3579; baseline 0.011 -75"><span class='ocrx_word' id='word_1_382' title='bbox 119 3455 215 3509; x_wconf 87' lang='lat' dir='ltr'><strong>n&#39;iuinis</strong></span> <span class='ocrx_word' id='word_1_383' title='bbox 226 3456 397 3579; x_wconf 77' lang='lat' dir='ltr'><strong>scripturiset</strong></span> <span class='ocrx_word' id='word_1_384' title='bbox 414 3457 528 3513; x_wconf 79' lang='lat' dir='ltr'><strong>Patruus</strong></span> <span class='ocrx_word' id='word_1_385' title='bbox 546 3459 672 3515; x_wconf 83' lang='lat' dir='ltr'><strong>doctrinis</strong></span> <span class='ocrx_word' id='word_1_386' title='bbox 696 3460 768 3528; x_wconf 70' lang='lat' dir='ltr'><strong>infru</strong></span> <span class='ocrx_word' id='word_1_387' title='bbox 786 3458 911 3527; x_wconf 80' lang='lat' dir='ltr'><strong>subjectae</strong></span> 
     </span>
    </p>
   </div>
   <div class='ocr_carea' id='block_1_16' title="bbox 963 2468 1764 3531">
    <p class='ocr_par' dir='ltr' id='par_1_18' title="bbox 963 2468 1764 3531">
     <span class='ocr_line' id='line_1_50' title="bbox 969 2468 1764 2555; baseline 0.025 -34"><span class='ocrx_word' id='word_1_388' title='bbox 969 2468 1094 2524; x_wconf 82' lang='lat' dir='ltr'><strong>celebrem</strong></span> <span class='ocrx_word' id='word_1_389' title='bbox 1111 2472 1205 2541; x_wconf 89' lang='lat' dir='ltr'><strong>adepto</strong></span> <span class='ocrx_word' id='word_1_390' title='bbox 1226 2484 1264 2527; x_wconf 93' lang='lat' dir='ltr'><strong>est</strong></span> <span class='ocrx_word' id='word_1_391' title='bbox 1276 2475 1398 2544; x_wconf 78' lang='lat' dir='ltr'><strong>plurium.</strong></span> <span class='ocrx_word' id='word_1_392' title='bbox 1412 2476 1486 2532; x_wconf 77' lang='lat' dir='ltr'><strong>Dixit</strong></span> <span class='ocrx_word' id='word_1_393' title='bbox 1499 2481 1568 2535; x_wconf 86' lang='lat' dir='ltr'><strong>enine</strong></span> <span class='ocrx_word' id='word_1_394' title='bbox 1580 2498 1627 2550; x_wconf 86' lang='lat' dir='ltr'><strong>per</strong></span> <span class='ocrx_word' id='word_1_395' title='bbox 1644 2482 1764 2555; x_wconf 77' lang='lat' dir='ltr'><strong>i’ropde·</strong></span> 
     </span>
     <span class='ocr_line' id='line_1_51' title="bbox 967 2542 1759 2627; baseline 0.025 -37"><span class='ocrx_word' id='word_1_396' title='bbox 967 2542 1059 2592; x_wconf 58' lang='lat' dir='ltr'><strong>tantm</strong></span> <span class='ocrx_word' id='word_1_397' title='bbox 1072 2542 1172 2610; x_wconf 88' lang='lat' dir='ltr'><strong>primus</strong></span> <span class='ocrx_word' id='word_1_398' title='bbox 1186 2552 1209 2595; x_wconf 92' lang='lat' dir='ltr'><strong>et</strong></span> <span class='ocrx_word' id='word_1_399' title='bbox 1223 2561 1333 2613; x_wconf 86' lang='lat' dir='ltr'><strong>maqnus</strong></span> <span class='ocrx_word' id='word_1_400' title='bbox 1343 2546 1605 2615; x_wconf 73' lang='lat' dir='ltr'><strong>pontiseuCltristus:</strong></span> <span class='ocrx_word' id='word_1_401' title='bbox 1616 2550 1681 2607; x_wconf 75' lang='lat' dir='ltr'><strong>Viro</strong></span> <span class='ocrx_word' id='word_1_402' title='bbox 1696 2572 1759 2627; x_wconf 76' lang='lat' dir='ltr'><strong>eqo,</strong></span> 
     </span>
     <span class='ocr_line' id='line_1_52' title="bbox 967 2611 1758 2689; baseline 0.023 -27"><span class='ocrx_word' id='word_1_403' title='bbox 967 2611 1019 2662; x_wconf 86' lang='lat' dir='ltr'><strong>nisi</strong></span> <span class='ocrx_word' id='word_1_404' title='bbox 1032 2624 1089 2674; x_wconf 80' lang='lat' dir='ltr'><strong>cns,</strong></span> <span class='ocrx_word' id='word_1_405' title='bbox 1101 2612 1147 2682; x_wconf 91' lang='lat' dir='ltr'><strong>qui</strong></span> <span class='ocrx_word' id='word_1_406' title='bbox 1161 2628 1202 2665; x_wconf 94' lang='lat' dir='ltr'><strong>mc</strong></span> <span class='ocrx_word' id='word_1_407' title='bbox 1217 2614 1380 2683; x_wconf 78' lang='lat' dir='ltr'><strong>plopiiteuttt,</strong></span> <span class='ocrx_word' id='word_1_408' title='bbox 1397 2618 1566 2686; x_wconf 81' lang='lat' dir='ltr'><strong>glurideulto.</strong></span> <span class='ocrx_word' id='word_1_409' title='bbox 1581 2620 1661 2677; x_wconf 84' lang='lat' dir='ltr'><strong>Nosti</strong></span> <span class='ocrx_word' id='word_1_410' title='bbox 1675 2627 1758 2689; x_wconf 84' lang='lat' dir='ltr'><strong>erriut,</strong></span> 
     </span>
     <span class='ocr_line' id='line_1_53' title="bbox 967 2681 1761 2766; baseline 0.025 -35"><span class='ocrx_word' id='word_1_411' title='bbox 967 2681 1034 2734; x_wconf 83' lang='lat' dir='ltr'><strong>osir</strong></span> <span class='ocrx_word' id='word_1_412' title='bbox 1048 2698 1138 2736; x_wconf 80' lang='lat' dir='ltr'><strong>eonem</strong></span> <span class='ocrx_word' id='word_1_413' title='bbox 1154 2684 1356 2747; x_wconf 76' lang='lat' dir='ltr'><strong>desideriorum.</strong></span> <span class='ocrx_word' id='word_1_414' title='bbox 1369 2703 1429 2755; x_wconf 88' lang='lat' dir='ltr'><strong>qute</strong></span> <span class='ocrx_word' id='word_1_415' title='bbox 1456 2688 1572 2755; x_wconf 77' lang='lat' dir='ltr'><strong>Spiritus</strong></span> <span class='ocrx_word' id='word_1_416' title='bbox 1585 2703 1657 2758; x_wconf 89' lang='lat' dir='ltr'><strong>suut,</strong></span> <span class='ocrx_word' id='word_1_417' title='bbox 1681 2695 1761 2766; x_wconf 81' lang='lat' dir='ltr'><strong>inape</strong></span> 
     </span>
     <span class='ocr_line' id='line_1_54' title="bbox 966 2750 1757 2831; baseline 0.027 -31"><span class='ocrx_word' id='word_1_418' title='bbox 966 2750 1169 2807; x_wconf 80' lang='lat' dir='ltr'><strong>tolerabiliorem</strong></span> <span class='ocrx_word' id='word_1_419' title='bbox 1179 2770 1234 2809; x_wconf 87' lang='lat' dir='ltr'><strong>esse</strong></span> <span class='ocrx_word' id='word_1_420' title='bbox 1251 2754 1399 2810; x_wconf 81' lang='lat' dir='ltr'><strong>diacedouii</strong></span> <span class='ocrx_word' id='word_1_421' title='bbox 1418 2769 1443 2812; x_wconf 93' lang='lat' dir='ltr'><strong>et</strong></span> <span class='ocrx_word' id='word_1_422' title='bbox 1459 2776 1561 2829; x_wconf 88' lang='lat' dir='ltr'><strong>eorum,</strong></span> <span class='ocrx_word' id='word_1_423' title='bbox 1597 2766 1622 2816; x_wconf 91' lang='lat' dir='ltr'><strong>ni</strong></span> <span class='ocrx_word' id='word_1_424' title='bbox 1642 2765 1675 2819; x_wconf 87' lang='lat' dir='ltr'><strong>ab</strong></span> <span class='ocrx_word' id='word_1_425' title='bbox 1698 2767 1757 2831; x_wconf 86' lang='lat' dir='ltr'><strong>illo,</strong></span> 
     </span>
     <span class='ocr_line' id='line_1_55' title="bbox 965 2822 1758 2905; baseline 0.024 -33"><span class='ocrx_word' id='word_1_426' title='bbox 965 2822 1051 2875; x_wconf 86' lang='lat' dir='ltr'><strong>suncti</strong></span> <span class='ocrx_word' id='word_1_427' title='bbox 1068 2822 1186 2889; x_wconf 77' lang='lat' dir='ltr'><strong>Spiritus</strong></span> <span class='ocrx_word' id='word_1_428' title='bbox 1198 2826 1409 2895; x_wconf 81' lang='lat' dir='ltr'><strong>impupuatorum</strong></span> <span class='ocrx_word' id='word_1_429' title='bbox 1427 2828 1556 2887; x_wconf 76' lang='lat' dir='ltr'><strong>dicresim.</strong></span> <span class='ocrx_word' id='word_1_430' title='bbox 1609 2850 1651 2887; x_wconf 88' lang='lat' dir='ltr'><strong>am</strong></span> <span class='ocrx_word' id='word_1_431' title='bbox 1675 2850 1758 2905; x_wconf 87' lang='lat' dir='ltr'><strong>quum</strong></span> 
     </span>
     <span class='ocr_line' id='line_1_56' title="bbox 965 2887 1758 2962; baseline 0.021 -21"><span class='ocrx_word' id='word_1_432' title='bbox 965 2887 1008 2944; x_wconf 83' lang='lat' dir='ltr'><strong>itti</strong></span> <span class='ocrx_word' id='word_1_433' title='bbox 1018 2904 1137 2946; x_wconf 88' lang='lat' dir='ltr'><strong>sanetum</strong></span> <span class='ocrx_word' id='word_1_434' title='bbox 1150 2892 1278 2962; x_wconf 87' lang='lat' dir='ltr'><strong>Spiritum</strong></span> <span class='ocrx_word' id='word_1_435' title='bbox 1294 2897 1340 2950; x_wconf 80' lang='lat' dir='ltr'><strong>{tei</strong></span> <span class='ocrx_word' id='word_1_436' title='bbox 1351 2905 1375 2949; x_wconf 93' lang='lat' dir='ltr'><strong>et</strong></span> <span class='ocrx_word' id='word_1_437' title='bbox 1393 2896 1481 2952; x_wconf 78' lang='lat' dir='ltr'><strong>Putris</strong></span> <span class='ocrx_word' id='word_1_438' title='bbox 1497 2912 1644 2957; x_wconf 87' lang='lat' dir='ltr'><strong>creaturum</strong></span> <span class='ocrx_word' id='word_1_439' title='bbox 1667 2918 1690 2959; x_wconf 94' lang='lat' dir='ltr'><strong>et</strong></span> <span class='ocrx_word' id='word_1_440' title='bbox 1702 2923 1758 2961; x_wconf 58' lang='lat' dir='ltr'><strong>sere</strong></span> 
     </span>
     <span class='ocr_line' id='line_1_57' title="bbox 965 2966 1756 3042; baseline 0.023 -29"><span class='ocrx_word' id='word_1_441' title='bbox 965 2976 1026 3015; x_wconf 87' lang='lat' dir='ltr'><strong>utrm</strong></span> <span class='ocrx_word' id='word_1_442' title='bbox 1048 2973 1188 3032; x_wconf 85' lang='lat' dir='ltr'><strong>nupentur,</strong></span> <span class='ocrx_word' id='word_1_443' title='bbox 1213 2966 1241 3018; x_wconf 80' lang='grc' dir='ltr'><strong>ΙιιΙ</strong></span> <span class='ocrx_word' id='word_1_444' title='bbox 1254 2982 1331 3020; x_wconf 85' lang='lat' dir='ltr'><strong>suune</strong></span> <span class='ocrx_word' id='word_1_445' title='bbox 1361 2968 1488 3035; x_wconf 87' lang='lat' dir='ltr'><strong>ipsorum,</strong></span> <span class='ocrx_word' id='word_1_446' title='bbox 1512 2983 1756 3042; x_wconf 83' lang='lat' dir='ltr'><strong>qrtarttuusputunt,</strong></span> 
     </span>
     <span class='ocr_line' id='line_1_58' title="bbox 964 3032 1756 3115; baseline 0.024 -34"><span class='ocrx_word' id='word_1_447' title='bbox 964 3043 1067 3085; x_wconf 81' lang='lat' dir='ltr'><strong>sarsum</strong></span> <span class='ocrx_word' id='word_1_448' title='bbox 1080 3032 1164 3100; x_wconf 88' lang='lat' dir='ltr'><strong>ipsum</strong></span> <span class='ocrx_word' id='word_1_449' title='bbox 1183 3034 1294 3105; x_wconf 71' lang='lat' dir='ltr'><strong>[eiciunt.</strong></span> <span class='ocrx_word' id='word_1_450' title='bbox 1309 3036 1402 3091; x_wconf 83' lang='lat' dir='ltr'><strong>Omnis</strong></span> <span class='ocrx_word' id='word_1_451' title='bbox 1413 3040 1482 3095; x_wconf 85' lang='lat' dir='ltr'><strong>enisu</strong></span> <span class='ocrx_word' id='word_1_452' title='bbox 1498 3040 1756 3115; x_wconf 75' lang='lat' dir='ltr'><strong>dominusquicquid</strong></span> 
     </span>
     <span class='ocr_line' id='line_1_59' title="bbox 964 3100 1758 3180; baseline 0.023 -27"><span class='ocrx_word' id='word_1_453' title='bbox 964 3100 1142 3171; x_wconf 85' lang='lat' dir='ltr'><strong>leniet,qurtnt</strong></span> <span class='ocrx_word' id='word_1_454' title='bbox 1157 3104 1271 3171; x_wconf 88' lang='lat' dir='ltr'><strong>libuerit,</strong></span> <span class='ocrx_word' id='word_1_455' title='bbox 1292 3108 1389 3169; x_wconf 87' lang='lat' dir='ltr'><strong>uendit,</strong></span> <span class='ocrx_word' id='word_1_456' title='bbox 1404 3111 1456 3162; x_wconf 75' lang='lat' dir='ltr'><strong>siue</strong></span> <span class='ocrx_word' id='word_1_457' title='bbox 1479 3108 1618 3180; x_wconf 70' lang='lat' dir='ltr'><strong>diurnium,</strong></span> <span class='ocrx_word' id='word_1_458' title='bbox 1634 3116 1687 3169; x_wconf 89' lang='lat' dir='ltr'><strong>sira</strong></span> <span class='ocrx_word' id='word_1_459' title='bbox 1706 3118 1758 3171; x_wconf 64' lang='lat' dir='ltr'><strong>uir&#39;d</strong></span> 
     </span>
     <span class='ocr_line' id='line_1_60' title="bbox 963 3172 1753 3253; baseline 0.019 -29"><span class='ocrx_word' id='word_1_460' title='bbox 963 3172 1030 3240; x_wconf 87' lang='lat' dir='ltr'><strong>qaid</strong></span> <span class='ocrx_word' id='word_1_461' title='bbox 1043 3173 1117 3227; x_wconf 85' lang='lat' dir='ltr'><strong>atiud</strong></span> <span class='ocrx_word' id='word_1_462' title='bbox 1126 3191 1159 3229; x_wconf 80' lang='lat' dir='ltr'><strong>es</strong></span> <span class='ocrx_word' id='word_1_463' title='bbox 1168 3176 1219 3239; x_wconf 87' lang='lat' dir='ltr'><strong>iris,</strong></span> <span class='ocrx_word' id='word_1_464' title='bbox 1237 3193 1294 3247; x_wconf 77' lang='lat' dir='ltr'><strong>quur</strong></span> <span class='ocrx_word' id='word_1_465' title='bbox 1312 3178 1434 3246; x_wconf 73' lang='lat' dir='ltr'><strong>possidet.</strong></span> <span class='ocrx_word' id='word_1_466' title='bbox 1449 3178 1578 3235; x_wconf 79' lang='lat' dir='ltr'><strong>Similiter</strong></span> <span class='ocrx_word' id='word_1_467' title='bbox 1589 3194 1613 3236; x_wconf 91' lang='lat' dir='ltr'><strong>et</strong></span> <span class='ocrx_word' id='word_1_468' title='bbox 1626 3188 1671 3253; x_wconf 88' lang='lat' dir='ltr'><strong>qui</strong></span> <span class='ocrx_word' id='word_1_469' title='bbox 1679 3188 1753 3251; x_wconf 85' lang='lat' dir='ltr'><strong>emit,</strong></span> 
     </span>
     <span class='ocr_line' id='line_1_61' title="bbox 964 3242 1754 3323; baseline 0.023 -28"><span class='ocrx_word' id='word_1_470' title='bbox 964 3242 1052 3297; x_wconf 83' lang='lat' dir='ltr'><strong>ueiens</strong></span> <span class='ocrx_word' id='word_1_471' title='bbox 1066 3254 1142 3299; x_wconf 79' lang='lat' dir='ltr'><strong>erratio</strong></span> <span class='ocrx_word' id='word_1_472' title='bbox 1168 3248 1204 3299; x_wconf 90' lang='lat' dir='ltr'><strong>rei</strong></span> <span class='ocrx_word' id='word_1_473' title='bbox 1219 3248 1342 3313; x_wconf 78' lang='lat' dir='ltr'><strong>dontinus</strong></span> <span class='ocrx_word' id='word_1_474' title='bbox 1364 3247 1435 3316; x_wconf 75' lang='lat' dir='ltr'><strong>peri,</strong></span> <span class='ocrx_word' id='word_1_475' title='bbox 1462 3255 1563 3320; x_wconf 81' lang='lat' dir='ltr'><strong>arpenti</strong></span> <span class='ocrx_word' id='word_1_476' title='bbox 1582 3253 1667 3323; x_wconf 74' lang='lat' dir='ltr'><strong>pretio</strong></span> <span class='ocrx_word' id='word_1_477' title='bbox 1694 3268 1754 3313; x_wconf 81' lang='lat' dir='ltr'><strong>eunt</strong></span> 
     </span>
     <span class='ocr_line' id='line_1_62' title="bbox 964 3314 1755 3392; baseline 0.023 -27"><span class='ocrx_word' id='word_1_478' title='bbox 964 3316 1089 3383; x_wconf 85' lang='lat' dir='ltr'><strong>acquirit.</strong></span> <span class='ocrx_word' id='word_1_479' title='bbox 1117 3314 1161 3368; x_wconf 82' lang='lat' dir='ltr'><strong>ito</strong></span> <span class='ocrx_word' id='word_1_480' title='bbox 1179 3318 1225 3387; x_wconf 87' lang='lat' dir='ltr'><strong>qui</strong></span> <span class='ocrx_word' id='word_1_481' title='bbox 1248 3316 1297 3371; x_wconf 86' lang='lat' dir='ltr'><strong>itur</strong></span> <span class='ocrx_word' id='word_1_482' title='bbox 1319 3318 1451 3387; x_wconf 70' lang='lat' dir='ltr'><strong>rseinrt&#39;ttut</strong></span> <span class='ocrx_word' id='word_1_483' title='bbox 1473 3320 1578 3389; x_wconf 76' lang='lat' dir='ltr'><strong>{ocium</strong></span> <span class='ocrx_word' id='word_1_484' title='bbox 1600 3326 1755 3392; x_wconf 84' lang='lat' dir='ltr'><strong>admittent,</strong></span> 
     </span>
     <span class='ocr_line' id='line_1_63' title="bbox 963 3386 1755 3468; baseline 0.024 -33"><span class='ocrx_word' id='word_1_485' title='bbox 963 3393 1085 3440; x_wconf 78' lang='lat' dir='ltr'><strong>sarnetum</strong></span> <span class='ocrx_word' id='word_1_486' title='bbox 1099 3386 1247 3453; x_wconf 88' lang='lat' dir='ltr'><strong>deprimunt</strong></span> <span class='ocrx_word' id='word_1_487' title='bbox 1266 3387 1407 3456; x_wconf 86' lang='lat' dir='ltr'><strong>Spiritum,</strong></span> <span class='ocrx_word' id='word_1_488' title='bbox 1428 3405 1501 3460; x_wconf 75' lang='lat' dir='ltr'><strong>arque</strong></span> <span class='ocrx_word' id='word_1_489' title='bbox 1527 3407 1663 3461; x_wconf 87' lang='lat' dir='ltr'><strong>peccantes</strong></span> <span class='ocrx_word' id='word_1_490' title='bbox 1675 3408 1755 3468; x_wconf 85' lang='lat' dir='ltr'><strong>etque</strong></span> 
     </span>
     <span class='ocr_line' id='line_1_64' title="bbox 963 3452 1756 3531; baseline 0.02 -24"><span class='ocrx_word' id='word_1_491' title='bbox 963 3452 1015 3519; x_wconf 85' lang='lat' dir='ltr'><strong>itii,</strong></span> <span class='ocrx_word' id='word_1_492' title='bbox 1028 3457 1075 3521; x_wconf 90' lang='lat' dir='ltr'><strong>qui</strong></span> <span class='ocrx_word' id='word_1_493' title='bbox 1088 3456 1221 3511; x_wconf 84' lang='lat' dir='ltr'><strong>Cirristuue</strong></span> <span class='ocrx_word' id='word_1_494' title='bbox 1235 3458 1263 3513; x_wconf 89' lang='lat' dir='ltr'><strong>in</strong></span> <span class='ocrx_word' id='word_1_495' title='bbox 1285 3457 1429 3513; x_wconf 71' lang='lat' dir='ltr'><strong>Beelzebub</strong></span> <span class='ocrx_word' id='word_1_496' title='bbox 1453 3462 1548 3531; x_wconf 84' lang='lat' dir='ltr'><strong>ejicere</strong></span> <span class='ocrx_word' id='word_1_497' title='bbox 1568 3465 1699 3521; x_wconf 82' lang='lat' dir='ltr'><strong>damonia</strong></span> <span class='ocrx_word' id='word_1_498' title='bbox 1710 3484 1756 3525; x_wconf 91' lang='lat' dir='ltr'><strong>ore</strong></span> 
     </span>
    </p>
   </div>
   <div class='ocr_carea' id='block_1_17' title="bbox 119 3522 1755 3609">
    <p class='ocr_par' dir='ltr' id='par_1_19' title="bbox 119 3522 1755 3609">
     <span class='ocr_line' id='line_1_65' title="bbox 119 3522 1755 3609; baseline 0.009 -32"><span class='ocrx_word' id='word_1_499' title='bbox 119 3524 270 3580; x_wconf 87' lang='lat' dir='ltr'><strong>deruaustra</strong></span> <span class='ocrx_word' id='word_1_500' title='bbox 290 3535 347 3582; x_wconf 84' lang='lat' dir='ltr'><strong>ent.</strong></span> <span class='ocrx_word' id='word_1_501' title='bbox 370 3528 422 3594; x_wconf 82' lang='lat' dir='ltr'><strong>Qut</strong></span> <span class='ocrx_word' id='word_1_502' title='bbox 436 3530 507 3583; x_wconf 88' lang='lat' dir='ltr'><strong>enim</strong></span> <span class='ocrx_word' id='word_1_503' title='bbox 520 3546 615 3585; x_wconf 86' lang='lat' dir='ltr'><strong>manus</strong></span> <span class='ocrx_word' id='word_1_504' title='bbox 630 3531 778 3601; x_wconf 89' lang='lat' dir='ltr'><strong>imponunt,</strong></span> <span class='ocrx_word' id='word_1_505' title='bbox 796 3522 946 3583; x_wconf 88' lang='lat' dir='ltr'><strong>ministriG</strong></span> <span class='ocrx_word' id='word_1_506' title='bbox 963 3522 1113 3593; x_wconf 82' lang='lat' dir='ltr'><strong>btasptuma</strong></span> <span class='ocrx_word' id='word_1_507' title='bbox 1126 3526 1257 3596; x_wconf 76' lang='lat' dir='ltr'><strong>dicebaut,</strong></span> <span class='ocrx_word' id='word_1_508' title='bbox 1274 3528 1323 3587; x_wconf 79' lang='lat' dir='ltr'><strong>uei,</strong></span> <span class='ocrx_word' id='word_1_509' title='bbox 1341 3530 1463 3585; x_wconf 87' lang='lat' dir='ltr'><strong>utserirts</strong></span> <span class='ocrx_word' id='word_1_510' title='bbox 1476 3534 1670 3598; x_wconf 65' lang='lat' dir='ltr'><strong>dirimende</strong></span> <span class='ocrx_word' id='word_1_511' title='bbox 1692 3554 1755 3609; x_wconf 87' lang='lat' dir='ltr'><strong>pro·</strong></span> 
     </span>
    </p>
   </div>
   <div class='ocr_carea' id='block_1_18' title="bbox 115 3596 911 4864">
    <p class='ocr_par' dir='ltr' id='par_1_20' title="bbox 115 3596 911 4864">
     <span class='ocr_line' id='line_1_66' title="bbox 118 3596 911 3671; baseline 0.008 -24"><span class='ocrx_word' id='word_1_512' title='bbox 118 3606 179 3648; x_wconf 89' lang='lat' dir='ltr'><strong>sunt</strong></span> <span class='ocrx_word' id='word_1_513' title='bbox 194 3596 320 3664; x_wconf 78' lang='lat' dir='ltr'><strong>Spiritus,</strong></span> <span class='ocrx_word' id='word_1_514' title='bbox 347 3614 399 3651; x_wconf 91' lang='lat' dir='ltr'><strong>nou</strong></span> <span class='ocrx_word' id='word_1_515' title='bbox 424 3601 571 3655; x_wconf 88' lang='lat' dir='ltr'><strong>renditores</strong></span> <span class='ocrx_word' id='word_1_516' title='bbox 593 3598 721 3671; x_wconf 79' lang='lat' dir='ltr'><strong>Spiritus,</strong></span> <span class='ocrx_word' id='word_1_517' title='bbox 748 3616 809 3655; x_wconf 88' lang='lat' dir='ltr'><strong>uuus</strong></span> <span class='ocrx_word' id='word_1_518' title='bbox 830 3615 911 3669; x_wconf 89' lang='lat' dir='ltr'><strong>quum</strong></span> 
     </span>
     <span class='ocr_line' id='line_1_67' title="bbox 117 3666 910 3743; baseline 0.01 -28"><span class='ocrx_word' id='word_1_519' title='bbox 117 3667 202 3733; x_wconf 78' lang='lat' dir='ltr'><strong>pristis</strong></span> <span class='ocrx_word' id='word_1_520' title='bbox 218 3669 332 3735; x_wconf 82' lang='lat' dir='ltr'><strong>qratiam</strong></span> <span class='ocrx_word' id='word_1_521' title='bbox 353 3666 469 3737; x_wconf 89' lang='lat' dir='ltr'><strong>Spiritus</strong></span> <span class='ocrx_word' id='word_1_522' title='bbox 489 3673 646 3743; x_wconf 86' lang='lat' dir='ltr'><strong>acceperint,</strong></span> <span class='ocrx_word' id='word_1_523' title='bbox 663 3672 747 3742; x_wconf 85' lang='lat' dir='ltr'><strong>protis</strong></span> <span class='ocrx_word' id='word_1_524' title='bbox 766 3672 845 3725; x_wconf 88' lang='lat' dir='ltr'><strong>etiam</strong></span> <span class='ocrx_word' id='word_1_525' title='bbox 865 3668 910 3732; x_wconf 91' lang='lat' dir='ltr'><strong>iis,</strong></span> 
     </span>
     <span class='ocr_line' id='line_1_68' title="bbox 117 3738 909 3810; baseline 0.003 -22"><span class='ocrx_word' id='word_1_526' title='bbox 117 3738 163 3803; x_wconf 83' lang='lat' dir='ltr'><strong>qni</strong></span> <span class='ocrx_word' id='word_1_527' title='bbox 175 3738 208 3789; x_wconf 79' lang='lat' dir='ltr'><strong>uli</strong></span> <span class='ocrx_word' id='word_1_528' title='bbox 222 3738 285 3805; x_wconf 85' lang='lat' dir='ltr'><strong>ipsis</strong></span> <span class='ocrx_word' id='word_1_529' title='bbox 299 3738 441 3805; x_wconf 80' lang='lat' dir='ltr'><strong>accipiunt,</strong></span> <span class='ocrx_word' id='word_1_530' title='bbox 456 3742 592 3810; x_wconf 78' lang='lat' dir='ltr'><strong>derep&#39;ussi</strong></span> <span class='ocrx_word' id='word_1_531' title='bbox 606 3752 667 3796; x_wconf 86' lang='lat' dir='ltr'><strong>sum</strong></span> <span class='ocrx_word' id='word_1_532' title='bbox 682 3757 714 3797; x_wconf 80' lang='lat' dir='ltr'><strong>ex</strong></span> <span class='ocrx_word' id='word_1_533' title='bbox 724 3757 783 3797; x_wconf 84' lang='lat' dir='ltr'><strong>uoce</strong></span> <span class='ocrx_word' id='word_1_534' title='bbox 793 3740 909 3804; x_wconf 87' lang='lat' dir='ltr'><strong>Domini,</strong></span> 
     </span>
     <span class='ocr_line' id='line_1_69' title="bbox 117 3809 910 3883; baseline 0.01 -26"><span class='ocrx_word' id='word_1_535' title='bbox 117 3811 169 3859; x_wconf 75' lang='lat' dir='ltr'><strong>tine</strong></span> <span class='ocrx_word' id='word_1_536' title='bbox 180 3810 237 3875; x_wconf 88' lang='lat' dir='ltr'><strong>ipsu</strong></span> <span class='ocrx_word' id='word_1_537' title='bbox 257 3809 375 3861; x_wconf 82' lang='lat' dir='ltr'><strong>libertate</strong></span> <span class='ocrx_word' id='word_1_538' title='bbox 393 3822 569 3883; x_wconf 81' lang='lat' dir='ltr'><strong>potestateque</strong></span> <span class='ocrx_word' id='word_1_539' title='bbox 585 3822 701 3881; x_wconf 86' lang='lat' dir='ltr'><strong>accepta.</strong></span> <span class='ocrx_word' id='word_1_540' title='bbox 718 3810 795 3879; x_wconf 85' lang='lat' dir='ltr'><strong>Quod</strong></span> <span class='ocrx_word' id='word_1_541' title='bbox 814 3811 910 3880; x_wconf 89' lang='lat' dir='ltr'><strong>siquis</strong></span> 
     </span>
     <span class='ocr_line' id='line_1_70' title="bbox 116 3880 910 3953; baseline 0.008 -24"><span class='ocrx_word' id='word_1_542' title='bbox 116 3894 175 3929; x_wconf 81' lang='lat' dir='ltr'><strong>euur</strong></span> <span class='ocrx_word' id='word_1_543' title='bbox 187 3892 254 3931; x_wconf 83' lang='lat' dir='ltr'><strong>atrro</strong></span> <span class='ocrx_word' id='word_1_544' title='bbox 269 3882 363 3932; x_wconf 87' lang='lat' dir='ltr'><strong>enrisse</strong></span> <span class='ocrx_word' id='word_1_545' title='bbox 373 3882 506 3935; x_wconf 83' lang='lat' dir='ltr'><strong>eoriuictus</strong></span> <span class='ocrx_word' id='word_1_546' title='bbox 521 3884 612 3953; x_wconf 76' lang='lat' dir='ltr'><strong>suerit,</strong></span> <span class='ocrx_word' id='word_1_547' title='bbox 628 3884 698 3937; x_wconf 89' lang='lat' dir='ltr'><strong>lruuc</strong></span> <span class='ocrx_word' id='word_1_548' title='bbox 708 3898 740 3937; x_wconf 79' lang='lat' dir='ltr'><strong>es</strong></span> <span class='ocrx_word' id='word_1_549' title='bbox 750 3880 910 3936; x_wconf 86' lang='lat' dir='ltr'><strong>sacerdotali</strong></span> 
     </span>
     <span class='ocr_line' id='line_1_71' title="bbox 116 3949 911 4025; baseline 0.008 -26"><span class='ocrx_word' id='word_1_550' title='bbox 116 3950 211 4001; x_wconf 85' lang='lat' dir='ltr'><strong>ordine</strong></span> <span class='ocrx_word' id='word_1_551' title='bbox 221 3949 350 4003; x_wconf 74' lang='lat' dir='ltr'><strong>excidisse</strong></span> <span class='ocrx_word' id='word_1_552' title='bbox 364 3955 536 4019; x_wconf 82' lang='lat' dir='ltr'><strong>pronuntient</strong></span> <span class='ocrx_word' id='word_1_553' title='bbox 546 3969 696 4025; x_wconf 87' lang='lat' dir='ltr'><strong>quenquam</strong></span> <span class='ocrx_word' id='word_1_554' title='bbox 708 3953 811 4007; x_wconf 89' lang='lat' dir='ltr'><strong>nomiae</strong></span> <span class='ocrx_word' id='word_1_555' title='bbox 822 3966 911 4007; x_wconf 79' lang='lat' dir='ltr'><strong>sacer·</strong></span> 
     </span>
     <span class='ocr_line' id='line_1_72' title="bbox 116 4020 910 4093; baseline 0.008 -24"><span class='ocrx_word' id='word_1_556' title='bbox 116 4020 220 4070; x_wconf 84' lang='lat' dir='ltr'><strong>dotium</strong></span> <span class='ocrx_word' id='word_1_557' title='bbox 244 4021 353 4073; x_wconf 90' lang='lat' dir='ltr'><strong>sortitus</strong></span> <span class='ocrx_word' id='word_1_558' title='bbox 374 4030 422 4083; x_wconf 89' lang='lat' dir='ltr'><strong>est,</strong></span> <span class='ocrx_word' id='word_1_559' title='bbox 445 4022 490 4075; x_wconf 89' lang='lat' dir='ltr'><strong>sed</strong></span> <span class='ocrx_word' id='word_1_560' title='bbox 511 4025 540 4077; x_wconf 89' lang='lat' dir='ltr'><strong>iu</strong></span> <span class='ocrx_word' id='word_1_561' title='bbox 562 4039 621 4078; x_wconf 88' lang='lat' dir='ltr'><strong>eum</strong></span> <span class='ocrx_word' id='word_1_562' title='bbox 646 4023 713 4093; x_wconf 74' lang='lat' dir='ltr'><strong>[niso</strong></span> <span class='ocrx_word' id='word_1_563' title='bbox 728 4038 821 4077; x_wconf 87' lang='lat' dir='ltr'><strong>nomeu</strong></span> <span class='ocrx_word' id='word_1_564' title='bbox 838 4020 910 4076; x_wconf 86' lang='lat' dir='ltr'><strong>istud</strong></span> 
     </span>
     <span class='ocr_line' id='line_1_73' title="bbox 115 4088 911 4173; baseline 0.004 -32"><span class='ocrx_word' id='word_1_565' title='bbox 115 4088 234 4157; x_wconf 68' lang='lat' dir='ltr'><strong>conferri</strong></span> <span class='ocrx_word' id='word_1_566' title='bbox 257 4104 286 4143; x_wconf 88' lang='lat' dir='ltr'><strong>re</strong></span> <span class='ocrx_word' id='word_1_567' title='bbox 300 4092 357 4161; x_wconf 89' lang='lat' dir='ltr'><strong>ipso</strong></span> <span class='ocrx_word' id='word_1_568' title='bbox 377 4093 570 4157; x_wconf 87' lang='lat' dir='ltr'><strong>comprobatur.</strong></span> <span class='ocrx_word' id='word_1_569' title='bbox 593 4092 678 4149; x_wconf 89' lang='lat' dir='ltr'><strong>Nemo</strong></span> <span class='ocrx_word' id='word_1_570' title='bbox 690 4094 709 4116; x_wconf 81' lang='lat'><strong>&#39;&#39;</strong></span> <span class='ocrx_word' id='word_1_571' title='bbox 726 4095 799 4148; x_wconf 87' lang='lat' dir='ltr'><strong>enirn</strong></span> <span class='ocrx_word' id='word_1_572' title='bbox 823 4100 911 4173; x_wconf 78' lang='lat' dir='ltr'><strong>potest</strong></span> 
     </span>
     <span class='ocr_line' id='line_1_74' title="bbox 116 4160 910 4235; baseline 0.003 -22"><span class='ocrx_word' id='word_1_573' title='bbox 116 4160 174 4213; x_wconf 82' lang='lat' dir='ltr'><strong>ileo</strong></span> <span class='ocrx_word' id='word_1_574' title='bbox 185 4169 214 4213; x_wconf 89' lang='lat' dir='ltr'><strong>et</strong></span> <span class='ocrx_word' id='word_1_575' title='bbox 225 4174 387 4217; x_wconf 84' lang='lat' dir='ltr'><strong>rnamruouu</strong></span> <span class='ocrx_word' id='word_1_576' title='bbox 400 4164 512 4230; x_wconf 83' lang='lat' dir='ltr'><strong>seruire,</strong></span> <span class='ocrx_word' id='word_1_577' title='bbox 527 4176 604 4235; x_wconf 90' lang='lat' dir='ltr'><strong>prout</strong></span> <span class='ocrx_word' id='word_1_578' title='bbox 621 4182 653 4219; x_wconf 78' lang='lat' dir='ltr'><strong>eo</strong></span> <span class='ocrx_word' id='word_1_579' title='bbox 664 4164 795 4234; x_wconf 83' lang='lat' dir='ltr'><strong>euunpeiio</strong></span> <span class='ocrx_word' id='word_1_580' title='bbox 812 4163 910 4217; x_wconf 84' lang='lat' dir='ltr'><strong>didiu-</strong></span> 
     </span>
     <span class='ocr_line' id='line_1_75' title="bbox 115 4228 908 4305; baseline 0.006 -23"><span class='ocrx_word' id='word_1_581' title='bbox 115 4244 185 4282; x_wconf 88' lang='lat' dir='ltr'><strong>mus.</strong></span> <span class='ocrx_word' id='word_1_582' title='bbox 193 4228 230 4284; x_wconf 80' lang='lat' dir='ltr'><strong>Et</strong></span> <span class='ocrx_word' id='word_1_583' title='bbox 244 4233 368 4302; x_wconf 83' lang='lat' dir='ltr'><strong>quosdam</strong></span> <span class='ocrx_word' id='word_1_584' title='bbox 380 4232 528 4287; x_wconf 77' lang='lat' dir='ltr'><strong>erudivimus</strong></span> <span class='ocrx_word' id='word_1_585' title='bbox 542 4234 627 4289; x_wconf 84' lang='lat' dir='ltr'><strong>Deum</strong></span> <span class='ocrx_word' id='word_1_586' title='bbox 637 4252 683 4305; x_wconf 88' lang='lat' dir='ltr'><strong>per</strong></span> <span class='ocrx_word' id='word_1_587' title='bbox 697 4251 726 4290; x_wconf 89' lang='lat' dir='ltr'><strong>os</strong></span> <span class='ocrx_word' id='word_1_588' title='bbox 738 4230 908 4303; x_wconf 77' lang='lat' dir='ltr'><strong>l’roplteta‘“</strong></span> 
     </span>
     <span class='ocr_line' id='line_1_76' title="bbox 115 4300 910 4374; baseline 0.004 -21"><span class='ocrx_word' id='word_1_589' title='bbox 115 4300 299 4355; x_wconf 80' lang='lat' dir='ltr'><strong>cirrusunteur:</strong></span> <span class='ocrx_word' id='word_1_590' title='bbox 321 4301 483 4358; x_wconf 82' lang='lat' dir='ltr'><strong>Sacerdotes</strong></span> <span class='ocrx_word' id='word_1_591' title='bbox 500 4304 639 4374; x_wconf 90' lang='lat' dir='ltr'><strong>loquimini</strong></span> <span class='ocrx_word' id='word_1_592' title='bbox 661 4306 694 4361; x_wconf 89' lang='lat' dir='ltr'><strong>nd</strong></span> <span class='ocrx_word' id='word_1_593' title='bbox 708 4320 756 4360; x_wconf 89' lang='lat' dir='ltr'><strong>cor</strong></span> <span class='ocrx_word' id='word_1_594' title='bbox 781 4302 910 4359; x_wconf 85' lang='lat' dir='ltr'><strong>llicrirsa·</strong></span> 
     </span>
     <span class='ocr_line' id='line_1_77' title="bbox 115 4371 910 4444; baseline 0.006 -20"><span class='ocrx_word' id='word_1_595' title='bbox 115 4371 180 4431; x_wconf 85' lang='lat' dir='ltr'><strong>lent,</strong></span> <span class='ocrx_word' id='word_1_596' title='bbox 193 4387 336 4437; x_wconf 84' lang='lat' dir='ltr'><strong>rursusque</strong></span> <span class='ocrx_word' id='word_1_597' title='bbox 351 4374 493 4427; x_wconf 90' lang='lat' dir='ltr'><strong>utiuunteut</strong></span> <span class='ocrx_word' id='word_1_598' title='bbox 505 4392 536 4429; x_wconf 87' lang='lat' dir='ltr'><strong>ao</strong></span> <span class='ocrx_word' id='word_1_599' title='bbox 548 4378 705 4431; x_wconf 77' lang='lat' dir='ltr'><strong>dicentenr&#39;:</strong></span> <span class='ocrx_word' id='word_1_600' title='bbox 716 4376 744 4430; x_wconf 85' lang='lat' dir='ltr'><strong>Si</strong></span> <span class='ocrx_word' id='word_1_601' title='bbox 758 4374 910 4444; x_wconf 85' lang='lat' dir='ltr'><strong>specttlatot·</strong></span> 
     </span>
     <span class='ocr_line' id='line_1_78' title="bbox 115 4442 909 4513; baseline 0.009 -20"><span class='ocrx_word' id='word_1_602' title='bbox 115 4442 217 4495; x_wconf 79' lang='lat' dir='ltr'><strong>uiderit</strong></span> <span class='ocrx_word' id='word_1_603' title='bbox 231 4443 350 4513; x_wconf 79' lang='lat' dir='ltr'><strong>qladnuu</strong></span> <span class='ocrx_word' id='word_1_604' title='bbox 365 4444 527 4511; x_wconf 80' lang='lat' dir='ltr'><strong>seruientem,</strong></span> <span class='ocrx_word' id='word_1_605' title='bbox 542 4454 570 4503; x_wconf 88' lang='lat' dir='ltr'><strong>et</strong></span> <span class='ocrx_word' id='word_1_606' title='bbox 585 4462 636 4501; x_wconf 86' lang='lat' dir='ltr'><strong>mm</strong></span> <span class='ocrx_word' id='word_1_607' title='bbox 652 4447 801 4501; x_wconf 86' lang='lat' dir='ltr'><strong>insonuerit</strong></span> <span class='ocrx_word' id='word_1_608' title='bbox 815 4447 909 4500; x_wconf 82' lang='lat' dir='ltr'><strong>bocct-</strong></span> 
     </span>
     <span class='ocr_line' id='line_1_79' title="bbox 116 4507 909 4595; baseline 0 -28"><span class='ocrx_word' id='word_1_609' title='bbox 116 4528 164 4575; x_wconf 88' lang='lat' dir='ltr'><strong>na,</strong></span> <span class='ocrx_word' id='word_1_610' title='bbox 180 4514 337 4583; x_wconf 85' lang='lat' dir='ltr'><strong>etpupulus</strong></span> <span class='ocrx_word' id='word_1_611' title='bbox 356 4530 385 4568; x_wconf 88' lang='lat' dir='ltr'><strong>se</strong></span> <span class='ocrx_word' id='word_1_612' title='bbox 401 4530 454 4569; x_wconf 92' lang='lat' dir='ltr'><strong>uon</strong></span> <span class='ocrx_word' id='word_1_613' title='bbox 467 4507 638 4581; x_wconf 66' lang='lat' dir='ltr'><strong>custodietis,</strong></span> <span class='ocrx_word' id='word_1_614' title='bbox 669 4518 827 4585; x_wconf 80' lang='lat' dir='ltr'><strong>veneritque</strong></span> <span class='ocrx_word' id='word_1_615' title='bbox 851 4514 909 4595; x_wconf 76' lang='lat' dir='ltr'><strong>qiu·</strong></span> 
     </span>
     <span class='ocr_line' id='line_1_80' title="bbox 115 4585 910 4665; baseline 0.004 -29"><span class='ocrx_word' id='word_1_616' title='bbox 115 4585 189 4646; x_wconf 86' lang='lat' dir='ltr'><strong>dius,</strong></span> <span class='ocrx_word' id='word_1_617' title='bbox 201 4592 229 4637; x_wconf 91' lang='lat' dir='ltr'><strong>et</strong></span> <span class='ocrx_word' id='word_1_618' title='bbox 245 4585 338 4639; x_wconf 88' lang='lat' dir='ltr'><strong>tulerit</strong></span> <span class='ocrx_word' id='word_1_619' title='bbox 363 4586 396 4639; x_wconf 87' lang='lat' dir='ltr'><strong>de</strong></span> <span class='ocrx_word' id='word_1_620' title='bbox 415 4586 457 4641; x_wconf 84' lang='lat' dir='ltr'><strong>iris</strong></span> <span class='ocrx_word' id='word_1_621' title='bbox 480 4588 610 4651; x_wconf 82' lang='lat' dir='ltr'><strong>uolutant,</strong></span> <span class='ocrx_word' id='word_1_622' title='bbox 626 4588 670 4643; x_wconf 81' lang='lat' dir='ltr'><strong>itte</strong></span> <span class='ocrx_word' id='word_1_623' title='bbox 682 4588 790 4655; x_wconf 88' lang='lat' dir='ltr'><strong>quidem</strong></span> <span class='ocrx_word' id='word_1_624' title='bbox 808 4586 839 4665; x_wconf 32' lang='lat' dir='ltr'><strong>&#39;iu</strong></span> <span class='ocrx_word' id='word_1_625' title='bbox 859 4588 910 4640; x_wconf 86' lang='lat' dir='ltr'><strong>int·</strong></span> 
     </span>
     <span class='ocr_line' id='line_1_81' title="bbox 115 4656 909 4728; baseline 0.01 -25"><span class='ocrx_word' id='word_1_626' title='bbox 115 4656 222 4723; x_wconf 86' lang='lat' dir='ltr'><strong>quiurte</strong></span> <span class='ocrx_word' id='word_1_627' title='bbox 238 4666 394 4725; x_wconf 85' lang='lat' dir='ltr'><strong>suauuptus</strong></span> <span class='ocrx_word' id='word_1_628' title='bbox 409 4664 461 4721; x_wconf 89' lang='lat' dir='ltr'><strong>est,</strong></span> <span class='ocrx_word' id='word_1_629' title='bbox 488 4660 648 4728; x_wconf 73' lang='lat' dir='ltr'><strong>sanquinem</strong></span> <span class='ocrx_word' id='word_1_630' title='bbox 679 4666 768 4713; x_wconf 73' lang='lat' dir='ltr'><strong>artum</strong></span> <span class='ocrx_word' id='word_1_631' title='bbox 791 4670 849 4725; x_wconf 74' lang='lat' dir='ltr'><strong>equs</strong></span> <span class='ocrx_word' id='word_1_632' title='bbox 875 4657 909 4711; x_wconf 89' lang='lat' dir='ltr'><strong>de</strong></span> 
     </span>
     <span class='ocr_line' id='line_1_82' title="bbox 116 4726 910 4799; baseline 0.005 -22"><span class='ocrx_word' id='word_1_633' title='bbox 116 4740 198 4779; x_wconf 77' lang='lat' dir='ltr'><strong>sirauu</strong></span> <span class='ocrx_word' id='word_1_634' title='bbox 220 4726 400 4796; x_wconf 86' lang='lat' dir='ltr'><strong>speculatoris</strong></span> <span class='ocrx_word' id='word_1_635' title='bbox 414 4728 570 4795; x_wconf 86' lang='lat' dir='ltr'><strong>requiram:</strong></span> <span class='ocrx_word' id='word_1_636' title='bbox 594 4729 673 4797; x_wconf 75' lang='lat' dir='ltr'><strong>lartius</strong></span> <span class='ocrx_word' id='word_1_637' title='bbox 686 4729 780 4799; x_wconf 84' lang='lat' dir='ltr'><strong>ipitur,</strong></span> <span class='ocrx_word' id='word_1_638' title='bbox 794 4742 853 4798; x_wconf 85' lang='lat' dir='ltr'><strong>qua</strong></span> <span class='ocrx_word' id='word_1_639' title='bbox 877 4742 910 4781; x_wconf 81' lang='lat' dir='ltr'><strong>er</strong></span> 
     </span>
     <span class='ocr_line' id='line_1_83' title="bbox 115 4794 909 4864; baseline 0.006 -17"><span class='ocrx_word' id='word_1_640' title='bbox 115 4794 223 4849; x_wconf 84' lang='lat' dir='ltr'><strong>st&#39;lentt&#39;o</strong></span> <span class='ocrx_word' id='word_1_641' title='bbox 248 4798 385 4859; x_wconf 87' lang='lat' dir='ltr'><strong>immittet,</strong></span> <span class='ocrx_word' id='word_1_642' title='bbox 416 4798 640 4854; x_wconf 89' lang='lat' dir='ltr'><strong>cotrdemttntt&#39;out&#39;s</strong></span> <span class='ocrx_word' id='word_1_643' title='bbox 665 4811 754 4864; x_wconf 86' lang='lat' dir='ltr'><strong>metu,</strong></span> <span class='ocrx_word' id='word_1_644' title='bbox 789 4797 909 4853; x_wconf 84' lang='lat' dir='ltr'><strong>omuibus</strong></span> 
     </span>
    </p>
   </div>
   <div class='ocr_carea' id='block_1_19' title="bbox 959 3594 1757 4869">
    <p class='ocr_par' dir='ltr' id='par_1_21' title="bbox 959 3594 1757 4869">
     <span class='ocr_line' id='line_1_84' title="bbox 962 3594 1754 3669; baseline 0.02 -22"><span class='ocrx_word' id='word_1_645' title='bbox 962 3594 1043 3648; x_wconf 87' lang='lat' dir='ltr'><strong>diteri</strong></span> <span class='ocrx_word' id='word_1_646' title='bbox 1057 3607 1119 3650; x_wconf 85' lang='lat' dir='ltr'><strong>sunt</strong></span> <span class='ocrx_word' id='word_1_647' title='bbox 1140 3599 1254 3663; x_wconf 86' lang='lat' dir='ltr'><strong>similes,</strong></span> <span class='ocrx_word' id='word_1_648' title='bbox 1274 3602 1321 3669; x_wconf 88' lang='lat' dir='ltr'><strong>qui</strong></span> <span class='ocrx_word' id='word_1_649' title='bbox 1341 3600 1392 3655; x_wconf 82' lang='lat' dir='ltr'><strong>Bet&#39;</strong></span> <span class='ocrx_word' id='word_1_650' title='bbox 1413 3599 1481 3657; x_wconf 89' lang='lat' dir='ltr'><strong>iuter</strong></span> <span class='ocrx_word' id='word_1_651' title='bbox 1493 3606 1623 3661; x_wconf 87' lang='lat' dir='ltr'><strong>eetaribus</strong></span> <span class='ocrx_word' id='word_1_652' title='bbox 1648 3606 1754 3663; x_wconf 79' lang='lat' dir='ltr'><strong>deduis</strong></span> 
     </span>
     <span class='ocr_line' id='line_1_85' title="bbox 961 3668 1755 3749; baseline 0.02 -32"><span class='ocrx_word' id='word_1_653' title='bbox 961 3668 1063 3733; x_wconf 83' lang='lat' dir='ltr'><strong>arpenti</strong></span> <span class='ocrx_word' id='word_1_654' title='bbox 1077 3668 1159 3734; x_wconf 89' lang='lat' dir='ltr'><strong>pretio</strong></span> <span class='ocrx_word' id='word_1_655' title='bbox 1172 3668 1313 3723; x_wconf 86' lang='lat' dir='ltr'><strong>Dorrriutun</strong></span> <span class='ocrx_word' id='word_1_656' title='bbox 1328 3668 1452 3725; x_wconf 76' lang='lat' dir='ltr'><strong>uendidit.</strong></span> <span class='ocrx_word' id='word_1_657' title='bbox 1495 3676 1581 3729; x_wconf 85' lang='lat' dir='ltr'><strong>nando</strong></span> <span class='ocrx_word' id='word_1_658' title='bbox 1591 3676 1673 3743; x_wconf 82' lang='lat' dir='ltr'><strong>ipitur</strong></span> <span class='ocrx_word' id='word_1_659' title='bbox 1691 3676 1755 3749; x_wconf 86' lang='lat' dir='ltr'><strong>Spi-</strong></span> 
     </span>
     <span class='ocr_line' id='line_1_86' title="bbox 962 3738 1754 3813; baseline 0.023 -26"><span class='ocrx_word' id='word_1_660' title='bbox 962 3738 1028 3788; x_wconf 89' lang='lat' dir='ltr'><strong>ritus</strong></span> <span class='ocrx_word' id='word_1_661' title='bbox 1041 3748 1149 3792; x_wconf 85' lang='lat' dir='ltr'><strong>sauctus</strong></span> <span class='ocrx_word' id='word_1_662' title='bbox 1167 3741 1397 3797; x_wconf 83' lang='lat' dir='ltr'><strong>consubstantialis</strong></span> <span class='ocrx_word' id='word_1_663' title='bbox 1405 3754 1442 3795; x_wconf 87' lang='lat' dir='ltr'><strong>est</strong></span> <span class='ocrx_word' id='word_1_664' title='bbox 1458 3743 1563 3799; x_wconf 77' lang='lat' dir='ltr'><strong>Christe</strong></span> <span class='ocrx_word' id='word_1_665' title='bbox 1583 3746 1638 3801; x_wconf 77' lang='lat' dir='ltr'><strong>tter</strong></span> <span class='ocrx_word' id='word_1_666' title='bbox 1651 3759 1754 3813; x_wconf 82' lang='lat' dir='ltr'><strong>nostro,</strong></span> 
     </span>
     <span class='ocr_line' id='line_1_87' title="bbox 960 3808 1755 3885; baseline 0.021 -26"><span class='ocrx_word' id='word_1_667' title='bbox 960 3808 1126 3876; x_wconf 85' lang='lat' dir='ltr'><strong>perspicuum</strong></span> <span class='ocrx_word' id='word_1_668' title='bbox 1145 3812 1251 3865; x_wconf 86' lang='lat' dir='ltr'><strong>orrrnino</strong></span> <span class='ocrx_word' id='word_1_669' title='bbox 1267 3822 1317 3875; x_wconf 88' lang='lat' dir='ltr'><strong>est,</strong></span> <span class='ocrx_word' id='word_1_670' title='bbox 1334 3828 1378 3868; x_wconf 87' lang='lat' dir='ltr'><strong>eos</strong></span> <span class='ocrx_word' id='word_1_671' title='bbox 1390 3816 1417 3871; x_wconf 89' lang='lat' dir='ltr'><strong>iu</strong></span> <span class='ocrx_word' id='word_1_672' title='bbox 1435 3815 1526 3869; x_wconf 86' lang='lat' dir='ltr'><strong>eadem</strong></span> <span class='ocrx_word' id='word_1_673' title='bbox 1550 3827 1626 3885; x_wconf 86' lang='lat' dir='ltr'><strong>porte</strong></span> <span class='ocrx_word' id='word_1_674' title='bbox 1638 3833 1670 3872; x_wconf 85' lang='lat' dir='ltr'><strong>ur</strong></span> <span class='ocrx_word' id='word_1_675' title='bbox 1684 3830 1755 3875; x_wconf 91' lang='lat' dir='ltr'><strong>sorte</strong></span> 
     </span>
     <span class='ocr_line' id='line_1_88' title="bbox 961 3876 1754 3951; baseline 0.021 -22"><span class='ocrx_word' id='word_1_676' title='bbox 961 3876 1138 3933; x_wconf 87' lang='lat' dir='ltr'><strong>numerandos</strong></span> <span class='ocrx_word' id='word_1_677' title='bbox 1158 3896 1224 3941; x_wconf 86' lang='lat' dir='ltr'><strong>esse.</strong></span> <span class='ocrx_word' id='word_1_678' title='bbox 1249 3891 1277 3935; x_wconf 92' lang='lat' dir='ltr'><strong>ut</strong></span> <span class='ocrx_word' id='word_1_679' title='bbox 1299 3885 1545 3941; x_wconf 83' lang='lat' dir='ltr'><strong>demonsiraeimrts.</strong></span> <span class='ocrx_word' id='word_1_680' title='bbox 1565 3885 1643 3951; x_wconf 83' lang='lat' dir='ltr'><strong>Quod</strong></span> <span class='ocrx_word' id='word_1_681' title='bbox 1661 3890 1687 3943; x_wconf 89' lang='lat' dir='ltr'><strong>si</strong></span> <span class='ocrx_word' id='word_1_682' title='bbox 1700 3904 1754 3945; x_wconf 82' lang='lat' dir='ltr'><strong>nott</strong></span> 
     </span>
     <span class='ocr_line' id='line_1_89' title="bbox 961 3948 1751 4031; baseline 0.019 -31"><span class='ocrx_word' id='word_1_683' title='bbox 961 3948 1092 4012; x_wconf 84' lang='lat' dir='ltr'><strong>uenditor,</strong></span> <span class='ocrx_word' id='word_1_684' title='bbox 1112 3951 1330 4016; x_wconf 86' lang='lat' dir='ltr'><strong>quemadmodum</strong></span> <span class='ocrx_word' id='word_1_685' title='bbox 1347 3970 1416 4012; x_wconf 90' lang='lat' dir='ltr'><strong>certe</strong></span> <span class='ocrx_word' id='word_1_686' title='bbox 1427 3971 1479 4011; x_wconf 88' lang='lat' dir='ltr'><strong>non</strong></span> <span class='ocrx_word' id='word_1_687' title='bbox 1492 3956 1623 4023; x_wconf 86' lang='lat' dir='ltr'><strong>uenditor,</strong></span> <span class='ocrx_word' id='word_1_688' title='bbox 1635 3974 1751 4031; x_wconf 84' lang='lat' dir='ltr'><strong>consper-</strong></span> 
     </span>
     <span class='ocr_line' id='line_1_90' title="bbox 960 4018 1752 4098; baseline 0.019 -28"><span class='ocrx_word' id='word_1_689' title='bbox 960 4018 1091 4071; x_wconf 85' lang='lat' dir='ltr'><strong>tissr&#39;ntunt</strong></span> <span class='ocrx_word' id='word_1_690' title='bbox 1105 4036 1206 4091; x_wconf 85' lang='lat' dir='ltr'><strong>quoque</strong></span> <span class='ocrx_word' id='word_1_691' title='bbox 1216 4033 1253 4075; x_wconf 90' lang='lat' dir='ltr'><strong>est</strong></span> <span class='ocrx_word' id='word_1_692' title='bbox 1265 4062 1273 4082; x_wconf 82' lang='grc'><strong>.</strong></span> <span class='ocrx_word' id='word_1_693' title='bbox 1290 4022 1386 4078; x_wconf 76' lang='lat' dir='ltr'><strong>in‘istis</strong></span> <span class='ocrx_word' id='word_1_694' title='bbox 1399 4026 1484 4081; x_wconf 83' lang='lat' dir='ltr'><strong>suncti</strong></span> <span class='ocrx_word' id='word_1_695' title='bbox 1499 4022 1613 4093; x_wconf 85' lang='lat' dir='ltr'><strong>Spiritus</strong></span> <span class='ocrx_word' id='word_1_696' title='bbox 1637 4030 1752 4098; x_wconf 80' lang='lat' dir='ltr'><strong>qratiam</strong></span> 
     </span>
     <span class='ocr_line' id='line_1_91' title="bbox 961 4094 1753 4181; baseline 0.019 -40"><span class='ocrx_word' id='word_1_697' title='bbox 961 4102 1014 4141; x_wconf 88' lang='lat' dir='ltr'><strong>uon</strong></span> <span class='ocrx_word' id='word_1_698' title='bbox 1022 4104 1079 4143; x_wconf 89' lang='lat' dir='ltr'><strong>esse</strong></span> <span class='ocrx_word' id='word_1_699' title='bbox 1091 4098 1137 4143; x_wconf 86' lang='lat' dir='ltr'><strong>eut</strong></span> <span class='ocrx_word' id='word_1_700' title='bbox 1148 4094 1288 4147; x_wconf 88' lang='lat' dir='ltr'><strong>sacerdotii</strong></span> <span class='ocrx_word' id='word_1_701' title='bbox 1300 4097 1549 4162; x_wconf 71' lang='lat' dir='ltr'><strong>sanctificationem,</strong></span> <span class='ocrx_word' id='word_1_702' title='bbox 1572 4105 1597 4151; x_wconf 91' lang='lat' dir='ltr'><strong>et</strong></span> <span class='ocrx_word' id='word_1_703' title='bbox 1610 4100 1680 4181; x_wconf 76' lang='lat' dir='ltr'><strong>quod</strong></span> <span class='ocrx_word' id='word_1_704' title='bbox 1699 4114 1753 4155; x_wconf 88' lang='lat' dir='ltr'><strong>nott</strong></span> 
     </span>
     <span class='ocr_line' id='line_1_92' title="bbox 960 4162 1752 4239; baseline 0.016 -28"><span class='ocrx_word' id='word_1_705' title='bbox 960 4171 1113 4226; x_wconf 85' lang='lat' dir='ltr'><strong>occeperunt</strong></span> <span class='ocrx_word' id='word_1_706' title='bbox 1128 4164 1291 4217; x_wconf 88' lang='lat' dir='ltr'><strong>uoulsabeut.</strong></span> <span class='ocrx_word' id='word_1_707' title='bbox 1310 4162 1478 4222; x_wconf 79' lang='lat' dir='ltr'><strong>Memineriut</strong></span> <span class='ocrx_word' id='word_1_708' title='bbox 1498 4163 1528 4221; x_wconf 86' lang='lat' dir='ltr'><strong>S.</strong></span> <span class='ocrx_word' id='word_1_709' title='bbox 1544 4164 1620 4220; x_wconf 81' lang='lat' dir='ltr'><strong>Petri</strong></span> <span class='ocrx_word' id='word_1_710' title='bbox 1630 4168 1666 4223; x_wconf 85' lang='lat' dir='ltr'><strong>ed</strong></span> <span class='ocrx_word' id='word_1_711' title='bbox 1680 4185 1752 4239; x_wconf 87' lang='lat' dir='ltr'><strong>eum,</strong></span> 
     </span>
     <span class='ocr_line' id='line_1_93' title="bbox 959 4230 1753 4305; baseline 0.019 -24"><span class='ocrx_word' id='word_1_712' title='bbox 959 4230 1005 4294; x_wconf 86' lang='lat' dir='ltr'><strong>qrti</strong></span> <span class='ocrx_word' id='word_1_713' title='bbox 1016 4230 1045 4282; x_wconf 89' lang='lat' dir='ltr'><strong>id</strong></span> <span class='ocrx_word' id='word_1_714' title='bbox 1058 4243 1223 4301; x_wconf 84' lang='lat' dir='ltr'><strong>procurarat,</strong></span> <span class='ocrx_word' id='word_1_715' title='bbox 1236 4234 1285 4287; x_wconf 86' lang='lat' dir='ltr'><strong>doe</strong></span> <span class='ocrx_word' id='word_1_716' title='bbox 1298 4234 1375 4288; x_wconf 88' lang='lat' dir='ltr'><strong>modo</strong></span> <span class='ocrx_word' id='word_1_717' title='bbox 1390 4236 1547 4305; x_wconf 80' lang='lat' dir='ltr'><strong>dicentis†s</strong></span> <span class='ocrx_word' id='word_1_718' title='bbox 1561 4234 1618 4292; x_wconf 87' lang='lat' dir='ltr'><strong>Non</strong></span> <span class='ocrx_word' id='word_1_719' title='bbox 1640 4249 1684 4294; x_wconf 89' lang='lat' dir='ltr'><strong>est</strong></span> <span class='ocrx_word' id='word_1_720' title='bbox 1702 4240 1753 4297; x_wconf 81' lang='lat' dir='ltr'><strong>tint</strong></span> 
     </span>
     <span class='ocr_line' id='line_1_94' title="bbox 959 4304 1757 4371; baseline 0.015 -18"><span class='ocrx_word' id='word_1_721' title='bbox 959 4314 1034 4369; x_wconf 88' lang='lat' dir='ltr'><strong>pars,</strong></span> <span class='ocrx_word' id='word_1_722' title='bbox 1047 4314 1135 4371; x_wconf 80' lang='lat' dir='ltr'><strong>neque</strong></span> <span class='ocrx_word' id='word_1_723' title='bbox 1161 4318 1221 4358; x_wconf 90' lang='lat' dir='ltr'><strong>sors</strong></span> <span class='ocrx_word' id='word_1_724' title='bbox 1245 4304 1270 4357; x_wconf 90' lang='lat' dir='ltr'><strong>iu</strong></span> <span class='ocrx_word' id='word_1_725' title='bbox 1286 4318 1412 4362; x_wconf 87' lang='lat' dir='ltr'><strong>sermone</strong></span> <span class='ocrx_word' id='word_1_726' title='bbox 1426 4308 1487 4361; x_wconf 88' lang='lat' dir='ltr'><strong>isto.</strong></span> <span class='ocrx_word' id='word_1_727' title='bbox 1503 4306 1574 4362; x_wconf 84' lang='lat' dir='ltr'><strong>Nem</strong></span> <span class='ocrx_word' id='word_1_728' title='bbox 1587 4308 1611 4361; x_wconf 90' lang='lat' dir='ltr'><strong>si</strong></span> <span class='ocrx_word' id='word_1_729' title='bbox 1631 4310 1757 4365; x_wconf 79' lang='lat' dir='ltr'><strong>stenditur·</strong></span> 
     </span>
     <span class='ocr_line' id='line_1_95' title="bbox 959 4371 1754 4447; baseline 0.014 -23"><span class='ocrx_word' id='word_1_730' title='bbox 959 4371 1102 4424; x_wconf 86' lang='lat' dir='ltr'><strong>sacerdotii</strong></span> <span class='ocrx_word' id='word_1_731' title='bbox 1114 4373 1242 4442; x_wconf 77' lang='lat' dir='ltr'><strong>dipsium,</strong></span> <span class='ocrx_word' id='word_1_732' title='bbox 1257 4391 1420 4445; x_wconf 83' lang='lat' dir='ltr'><strong>superuacua</strong></span> <span class='ocrx_word' id='word_1_733' title='bbox 1434 4377 1516 4445; x_wconf 85' lang='lat' dir='ltr'><strong>iqitrtr</strong></span> <span class='ocrx_word' id='word_1_734' title='bbox 1529 4379 1601 4444; x_wconf 85' lang='lat' dir='ltr'><strong>apud</strong></span> <span class='ocrx_word' id='word_1_735' title='bbox 1621 4378 1694 4447; x_wconf 84' lang='lat' dir='ltr'><strong>ipsos</strong></span> <span class='ocrx_word' id='word_1_736' title='bbox 1713 4382 1754 4435; x_wconf 84' lang='lat' dir='ltr'><strong>esi</strong></span> 
     </span>
     <span class='ocr_line' id='line_1_96' title="bbox 960 4442 1754 4518; baseline 0.015 -26"><span class='ocrx_word' id='word_1_737' title='bbox 960 4442 1070 4495; x_wconf 85' lang='lat' dir='ltr'><strong>itottesto</strong></span> <span class='ocrx_word' id='word_1_738' title='bbox 1084 4444 1145 4497; x_wconf 83' lang='lat' dir='ltr'><strong>ot&#39;toe</strong></span> <span class='ocrx_word' id='word_1_739' title='bbox 1157 4446 1287 4498; x_wconf 88' lang='lat' dir='ltr'><strong>institutio</strong></span> <span class='ocrx_word' id='word_1_740' title='bbox 1299 4458 1322 4500; x_wconf 91' lang='lat' dir='ltr'><strong>et</strong></span> <span class='ocrx_word' id='word_1_741' title='bbox 1340 4448 1465 4512; x_wconf 79' lang='lat' dir='ltr'><strong>puritatis</strong></span> <span class='ocrx_word' id='word_1_742' title='bbox 1477 4448 1631 4518; x_wconf 84' lang='lat' dir='ltr'><strong>sirtsttisqtte</strong></span> <span class='ocrx_word' id='word_1_743' title='bbox 1647 4450 1754 4513; x_wconf 65' lang='lat' dir='ltr'><strong>culturi</strong></span> 
     </span>
     <span class='ocr_line' id='line_1_97' title="bbox 959 4514 1753 4587; baseline 0.008 -21"><span class='ocrx_word' id='word_1_744' title='bbox 959 4527 1135 4577; x_wconf 80' lang='lat' dir='ltr'><strong>superuacuus</strong></span> <span class='ocrx_word' id='word_1_745' title='bbox 1157 4514 1228 4581; x_wconf 86' lang='lat' dir='ltr'><strong>opud</strong></span> <span class='ocrx_word' id='word_1_746' title='bbox 1241 4514 1311 4584; x_wconf 90' lang='lat' dir='ltr'><strong>ipsos</strong></span> <span class='ocrx_word' id='word_1_747' title='bbox 1330 4526 1353 4570; x_wconf 93' lang='lat' dir='ltr'><strong>et</strong></span> <span class='ocrx_word' id='word_1_748' title='bbox 1374 4515 1477 4571; x_wconf 86' lang='lat' dir='ltr'><strong>Paulus</strong></span> <span class='ocrx_word' id='word_1_749' title='bbox 1498 4516 1602 4573; x_wconf 83' lang='lat' dir='ltr'><strong>diuinus</strong></span> <span class='ocrx_word' id='word_1_750' title='bbox 1616 4519 1753 4587; x_wconf 82' lang='lat' dir='ltr'><strong>epouatse</strong></span> 
     </span>
     <span class='ocr_line' id='line_1_98' title="bbox 959 4581 1752 4656; baseline 0.013 -23"><span class='ocrx_word' id='word_1_751' title='bbox 959 4582 1010 4651; x_wconf 86' lang='lat'><strong>††,</strong></span> <span class='ocrx_word' id='word_1_752' title='bbox 1023 4581 1118 4637; x_wconf 86' lang='lat' dir='ltr'><strong>docens</strong></span> <span class='ocrx_word' id='word_1_753' title='bbox 1143 4598 1269 4656; x_wconf 73' lang='lat' dir='ltr'><strong>optinere</strong></span> <span class='ocrx_word' id='word_1_754' title='bbox 1292 4588 1446 4656; x_wconf 84' lang='lat' dir='ltr'><strong>episcopum</strong></span> <span class='ocrx_word' id='word_1_755' title='bbox 1470 4601 1531 4641; x_wconf 85' lang='lat' dir='ltr'><strong>esse</strong></span> <span class='ocrx_word' id='word_1_756' title='bbox 1549 4586 1608 4642; x_wconf 90' lang='lat' dir='ltr'><strong>siue</strong></span> <span class='ocrx_word' id='word_1_757' title='bbox 1622 4589 1752 4655; x_wconf 89' lang='lat' dir='ltr'><strong>crimine,</strong></span> 
     </span>
     <span class='ocr_line' id='line_1_99' title="bbox 961 4657 1755 4727; baseline 0.011 -23"><span class='ocrx_word' id='word_1_758' title='bbox 961 4661 1167 4723; x_wconf 83' lang='lat' dir='ltr'><strong>temperantem,</strong></span> <span class='ocrx_word' id='word_1_759' title='bbox 1185 4658 1347 4723; x_wconf 86' lang='lat' dir='ltr'><strong>modestum,</strong></span> <span class='ocrx_word' id='word_1_760' title='bbox 1362 4666 1454 4727; x_wconf 87' lang='lat' dir='ltr'><strong>aptum</strong></span> <span class='ocrx_word' id='word_1_761' title='bbox 1469 4657 1502 4710; x_wconf 86' lang='lat' dir='ltr'><strong>nd</strong></span> <span class='ocrx_word' id='word_1_762' title='bbox 1512 4658 1675 4722; x_wconf 89' lang='lat' dir='ltr'><strong>docendum,</strong></span> <span class='ocrx_word' id='word_1_763' title='bbox 1685 4674 1755 4715; x_wconf 86' lang='lat' dir='ltr'><strong>con-</strong></span> 
     </span>
     <span class='ocr_line' id='line_1_100' title="bbox 961 4724 1755 4792; baseline 0.011 -15"><span class='ocrx_word' id='word_1_764' title='bbox 961 4724 1102 4789; x_wconf 86' lang='lat' dir='ltr'><strong>tinentem,</strong></span> <span class='ocrx_word' id='word_1_765' title='bbox 1118 4726 1250 4792; x_wconf 76' lang='lat' dir='ltr'><strong>sobrium,</strong></span> <span class='ocrx_word' id='word_1_766' title='bbox 1264 4728 1431 4783; x_wconf 87' lang='lat' dir='ltr'><strong>insistentem</strong></span> <span class='ocrx_word' id='word_1_767' title='bbox 1446 4727 1517 4783; x_wconf 84' lang='lat' dir='ltr'><strong>bdeli</strong></span> <span class='ocrx_word' id='word_1_768' title='bbox 1536 4730 1686 4784; x_wconf 90' lang='lat' dir='ltr'><strong>secundum</strong></span> <span class='ocrx_word' id='word_1_769' title='bbox 1699 4730 1755 4785; x_wconf 87' lang='lat' dir='ltr'><strong>do·</strong></span> 
     </span>
     <span class='ocr_line' id='line_1_101' title="bbox 960 4795 1753 4869; baseline 0.01 -21"><span class='ocrx_word' id='word_1_770' title='bbox 960 4795 1076 4849; x_wconf 89' lang='lat' dir='ltr'><strong>ctrinaru</strong></span> <span class='ocrx_word' id='word_1_771' title='bbox 1091 4799 1221 4859; x_wconf 85' lang='lat' dir='ltr'><strong>sermoni.</strong></span> <span class='ocrx_word' id='word_1_772' title='bbox 1239 4809 1267 4851; x_wconf 93' lang='lat' dir='ltr'><strong>ut</strong></span> <span class='ocrx_word' id='word_1_773' title='bbox 1283 4810 1378 4869; x_wconf 90' lang='lat' dir='ltr'><strong>potens</strong></span> <span class='ocrx_word' id='word_1_774' title='bbox 1403 4800 1440 4853; x_wconf 90' lang='lat' dir='ltr'><strong>sit</strong></span> <span class='ocrx_word' id='word_1_775' title='bbox 1452 4808 1480 4852; x_wconf 90' lang='lat' dir='ltr'><strong>et</strong></span> <span class='ocrx_word' id='word_1_776' title='bbox 1492 4800 1632 4853; x_wconf 83' lang='lat' dir='ltr'><strong>exirortari</strong></span> <span class='ocrx_word' id='word_1_777' title='bbox 1657 4800 1685 4854; x_wconf 92' lang='lat' dir='ltr'><strong>in</strong></span> <span class='ocrx_word' id='word_1_778' title='bbox 1702 4800 1753 4857; x_wconf 93' lang='lat' dir='ltr'><strong>do·</strong></span> 
     </span>
    </p>
   </div>
   <div class='ocr_carea' id='block_1_20' title="bbox 116 4866 1753 4939">
    <p class='ocr_par' dir='ltr' id='par_1_22' title="bbox 116 4866 1753 4939">
     <span class='ocr_line' id='line_1_102' title="bbox 116 4866 1753 4939; baseline 0.005 -22"><span class='ocrx_word' id='word_1_779' title='bbox 116 4882 221 4928; x_wconf 80' lang='lat' dir='ltr'><strong>rerunt,</strong></span> <span class='ocrx_word' id='word_1_780' title='bbox 242 4882 302 4933; x_wconf 81' lang='lat' dir='ltr'><strong>qua</strong></span> <span class='ocrx_word' id='word_1_781' title='bbox 320 4868 392 4937; x_wconf 86' lang='lat' dir='ltr'><strong>apud</strong></span> <span class='ocrx_word' id='word_1_782' title='bbox 417 4884 464 4921; x_wconf 81' lang='lat' dir='ltr'><strong>rios</strong></span> <span class='ocrx_word' id='word_1_783' title='bbox 484 4878 560 4936; x_wconf 90' lang='lat' dir='ltr'><strong>sunt,</strong></span> <span class='ocrx_word' id='word_1_784' title='bbox 586 4871 752 4924; x_wconf 85' lang='lat' dir='ltr'><strong>ecclesiarum</strong></span> <span class='ocrx_word' id='word_1_785' title='bbox 778 4868 909 4939; x_wconf 70' lang='lat' dir='ltr'><strong>proiectis</strong></span> <span class='ocrx_word' id='word_1_786' title='bbox 925 4872 947 4927; x_wconf 81' lang='lat' dir='ltr'><strong>i)</strong></span> <span class='ocrx_word' id='word_1_787' title='bbox 962 4866 1049 4922; x_wconf 85' lang='lat' dir='ltr'><strong>ctrina</strong></span> <span class='ocrx_word' id='word_1_788' title='bbox 1079 4882 1144 4922; x_wconf 84' lang='lat' dir='ltr'><strong>sana</strong></span> <span class='ocrx_word' id='word_1_789' title='bbox 1170 4877 1198 4924; x_wconf 93' lang='lat' dir='ltr'><strong>ct</strong></span> <span class='ocrx_word' id='word_1_790' title='bbox 1235 4869 1454 4924; x_wconf 75' lang='lat' dir='ltr'><strong>contradicentes</strong></span> <span class='ocrx_word' id='word_1_791' title='bbox 1477 4868 1609 4925; x_wconf 77' lang='lat' dir='ltr'><strong>refellere.</strong></span> <span class='ocrx_word' id='word_1_792' title='bbox 1634 4868 1753 4926; x_wconf 80' lang='lat' dir='ltr'><strong>Pereunt</strong></span> 
     </span>
    </p>
   </div>
   <div class='ocr_carea' id='block_1_21' title="bbox 112 4938 910 5573">
    <p class='ocr_par' dir='ltr' id='par_1_23' title="bbox 112 4938 910 5573">
     <span class='ocr_line' id='line_1_103' title="bbox 116 4938 908 5007; baseline 0.008 -20"><span class='ocrx_word' id='word_1_793' title='bbox 116 4938 329 5002; x_wconf 87' lang='lat' dir='ltr'><strong>urruunciuruus,</strong></span> <span class='ocrx_word' id='word_1_794' title='bbox 349 4940 386 4991; x_wconf 89' lang='lat' dir='ltr'><strong>itu</strong></span> <span class='ocrx_word' id='word_1_795' title='bbox 408 4949 434 4991; x_wconf 93' lang='lat' dir='ltr'><strong>ut</strong></span> <span class='ocrx_word' id='word_1_796' title='bbox 452 4938 564 5006; x_wconf 77' lang='lat' dir='ltr'><strong>fidenter</strong></span> <span class='ocrx_word' id='word_1_797' title='bbox 591 4941 707 4995; x_wconf 88' lang='lat' dir='ltr'><strong>diuinum</strong></span> <span class='ocrx_word' id='word_1_798' title='bbox 731 4939 908 5007; x_wconf 67' lang='lat' dir='ltr'><strong>apostolum*</strong></span> 
     </span>
     <span class='ocr_line' id='line_1_104' title="bbox 114 5008 908 5081; baseline 0.004 -21"><span class='ocrx_word' id='word_1_799' title='bbox 114 5008 249 5062; x_wconf 88' lang='lat' dir='ltr'><strong>irrrrtuutes</strong></span> <span class='ocrx_word' id='word_1_800' title='bbox 263 5009 394 5075; x_wconf 88' lang='lat' dir='ltr'><strong>dicurrtns,</strong></span> <span class='ocrx_word' id='word_1_801' title='bbox 417 5008 508 5062; x_wconf 87' lang='lat' dir='ltr'><strong>trrtutdi</strong></span> <span class='ocrx_word' id='word_1_802' title='bbox 523 5026 613 5065; x_wconf 75' lang='lat' dir='ltr'><strong>suerrus</strong></span> <span class='ocrx_word' id='word_1_803' title='bbox 627 5028 643 5064; x_wconf 90' lang='lat' dir='ltr'><strong>a</strong></span> <span class='ocrx_word' id='word_1_804' title='bbox 663 5012 791 5081; x_wconf 79' lang='lat' dir='ltr'><strong>sanquine</strong></span> <span class='ocrx_word' id='word_1_805' title='bbox 807 5024 908 5077; x_wconf 88' lang='lat' dir='ltr'><strong>eorruu,</strong></span> 
     </span>
     <span class='ocr_line' id='line_1_105' title="bbox 112 5078 908 5150; baseline 0.003 -19"><span class='ocrx_word' id='word_1_806' title='bbox 112 5078 160 5147; x_wconf 90' lang='lat' dir='ltr'><strong>qui</strong></span> <span class='ocrx_word' id='word_1_807' title='bbox 183 5080 214 5131; x_wconf 89' lang='lat' dir='ltr'><strong>ob</strong></span> <span class='ocrx_word' id='word_1_808' title='bbox 224 5080 350 5148; x_wconf 86' lang='lat' dir='ltr'><strong>pecunius</strong></span> <span class='ocrx_word' id='word_1_809' title='bbox 362 5080 549 5133; x_wconf 86' lang='lat' dir='ltr'><strong>ordinaternnt</strong></span> <span class='ocrx_word' id='word_1_810' title='bbox 562 5088 608 5135; x_wconf 88' lang='lat' dir='ltr'><strong>out</strong></span> <span class='ocrx_word' id='word_1_811' title='bbox 623 5082 737 5135; x_wconf 85' lang='lat' dir='ltr'><strong>ordinati</strong></span> <span class='ocrx_word' id='word_1_812' title='bbox 751 5081 908 5150; x_wconf 70' lang='lat' dir='ltr'><strong>eurupam-</strong></span> 
     </span>
     <span class='ocr_line' id='line_1_106' title="bbox 113 5147 909 5221; baseline 0.005 -20"><span class='ocrx_word' id='word_1_813' title='bbox 113 5165 146 5217; x_wconf 90' lang='lat' dir='ltr'><strong>pe</strong></span> <span class='ocrx_word' id='word_1_814' title='bbox 157 5165 217 5203; x_wconf 85' lang='lat' dir='ltr'><strong>curn</strong></span> <span class='ocrx_word' id='word_1_815' title='bbox 234 5147 340 5214; x_wconf 84' lang='lat' dir='ltr'><strong>l’etrus,</strong></span> <span class='ocrx_word' id='word_1_816' title='bbox 354 5148 457 5203; x_wconf 86' lang='lat' dir='ltr'><strong>diuinus</strong></span> <span class='ocrx_word' id='word_1_817' title='bbox 479 5149 524 5205; x_wconf 86' lang='lat' dir='ltr'><strong>ille</strong></span> <span class='ocrx_word' id='word_1_818' title='bbox 534 5152 668 5218; x_wconf 88' lang='lat' dir='ltr'><strong>apostolus</strong></span> <span class='ocrx_word' id='word_1_819' title='bbox 691 5152 767 5221; x_wconf 77' lang='lat' dir='ltr'><strong>cujus</strong></span> <span class='ocrx_word' id='word_1_820' title='bbox 782 5160 807 5204; x_wconf 91' lang='lat' dir='ltr'><strong>et</strong></span> <span class='ocrx_word' id='word_1_821' title='bbox 818 5152 909 5205; x_wconf 81' lang='lat' dir='ltr'><strong>cotine-</strong></span> 
     </span>
     <span class='ocr_line' id='line_1_107' title="bbox 113 5218 910 5300; baseline 0.004 -28"><span class='ocrx_word' id='word_1_822' title='bbox 113 5218 192 5273; x_wconf 89' lang='lat' dir='ltr'><strong>druur</strong></span> <span class='ocrx_word' id='word_1_823' title='bbox 206 5220 301 5274; x_wconf 83' lang='lat' dir='ltr'><strong>sortita</strong></span> <span class='ocrx_word' id='word_1_824' title='bbox 315 5232 353 5275; x_wconf 87' lang='lat' dir='ltr'><strong>est</strong></span> <span class='ocrx_word' id='word_1_825' title='bbox 377 5218 494 5289; x_wconf 79' lang='lat' dir='ltr'><strong>[ruternn</strong></span> <span class='ocrx_word' id='word_1_826' title='bbox 509 5232 593 5275; x_wconf 86' lang='lat' dir='ltr'><strong>uestro</strong></span> <span class='ocrx_word' id='word_1_827' title='bbox 607 5224 744 5286; x_wconf 86' lang='lat' dir='ltr'><strong>sauctitas,</strong></span> <span class='ocrx_word' id='word_1_828' title='bbox 763 5222 810 5277; x_wconf 82' lang='lat' dir='ltr'><strong>dos</strong></span> <span class='ocrx_word' id='word_1_829' title='bbox 830 5222 910 5300; x_wconf 81' lang='lat' dir='ltr'><strong>depo-</strong></span> 
     </span>
     <span class='ocr_line' id='line_1_108' title="bbox 112 5290 910 5360; baseline 0.003 -17"><span class='ocrx_word' id='word_1_830' title='bbox 112 5290 209 5355; x_wconf 87' lang='lat' dir='ltr'><strong>suerit,</strong></span> <span class='ocrx_word' id='word_1_831' title='bbox 229 5303 257 5343; x_wconf 92' lang='lat' dir='ltr'><strong>nt</strong></span> <span class='ocrx_word' id='word_1_832' title='bbox 279 5290 414 5345; x_wconf 84' lang='lat' dir='ltr'><strong>Siurortem</strong></span> <span class='ocrx_word' id='word_1_833' title='bbox 437 5307 553 5359; x_wconf 81' lang='lat' dir='ltr'><strong>ntupum.</strong></span> <span class='ocrx_word' id='word_1_834' title='bbox 570 5290 714 5360; x_wconf 86' lang='lat' dir='ltr'><strong>Propterea</strong></span> <span class='ocrx_word' id='word_1_835' title='bbox 734 5311 787 5347; x_wconf 87' lang='lat' dir='ltr'><strong>non</strong></span> <span class='ocrx_word' id='word_1_836' title='bbox 812 5292 910 5359; x_wconf 74' lang='lat' dir='ltr'><strong>relupi-</strong></span> 
     </span>
     <span class='ocr_line' id='line_1_109' title="bbox 113 5362 909 5432; baseline -0.001 -19"><span class='ocrx_word' id='word_1_837' title='bbox 113 5376 184 5427; x_wconf 87' lang='lat' dir='ltr'><strong>rues,</strong></span> <span class='ocrx_word' id='word_1_838' title='bbox 196 5362 262 5432; x_wconf 89' lang='lat' dir='ltr'><strong>quin</strong></span> <span class='ocrx_word' id='word_1_839' title='bbox 271 5366 405 5415; x_wconf 86' lang='lat' dir='ltr'><strong>ueritatem</strong></span> <span class='ocrx_word' id='word_1_840' title='bbox 417 5363 600 5429; x_wconf 79' lang='lat' dir='ltr'><strong>predicemus,</strong></span> <span class='ocrx_word' id='word_1_841' title='bbox 613 5372 745 5419; x_wconf 84' lang='lat' dir='ltr'><strong>seruantes</strong></span> <span class='ocrx_word' id='word_1_842' title='bbox 753 5380 783 5417; x_wconf 84' lang='lat' dir='ltr'><strong>ua</strong></span> <span class='ocrx_word' id='word_1_843' title='bbox 797 5362 909 5416; x_wconf 84' lang='lat' dir='ltr'><strong>retinen·</strong></span> 
     </span>
     <span class='ocr_line' id='line_1_110' title="bbox 113 5432 907 5507; baseline 0.003 -23"><span class='ocrx_word' id='word_1_844' title='bbox 113 5444 203 5486; x_wconf 82' lang='lat' dir='ltr'><strong>netues</strong></span> <span class='ocrx_word' id='word_1_845' title='bbox 226 5448 270 5495; x_wconf 87' lang='lat' dir='ltr'><strong>ea,</strong></span> <span class='ocrx_word' id='word_1_846' title='bbox 296 5447 356 5498; x_wconf 83' lang='lat' dir='ltr'><strong>quru</strong></span> <span class='ocrx_word' id='word_1_847' title='bbox 370 5452 385 5485; x_wconf 91' lang='lat' dir='ltr'><strong>u</strong></span> <span class='ocrx_word' id='word_1_848' title='bbox 407 5432 504 5485; x_wconf 85' lang='lat' dir='ltr'><strong>structis</strong></span> <span class='ocrx_word' id='word_1_849' title='bbox 520 5442 543 5484; x_wconf 91' lang='lat' dir='ltr'><strong>et</strong></span> <span class='ocrx_word' id='word_1_850' title='bbox 568 5432 741 5507; x_wconf 86' lang='lat' dir='ltr'><strong>otrtniqunqne</strong></span> <span class='ocrx_word' id='word_1_851' title='bbox 768 5432 907 5487; x_wconf 87' lang='lat' dir='ltr'><strong>benedictis</strong></span> 
     </span>
     <span class='ocr_line' id='line_1_111' title="bbox 112 5500 908 5573; baseline 0.005 -21"><span class='ocrx_word' id='word_1_852' title='bbox 112 5503 242 5573; x_wconf 85' lang='lat' dir='ltr'><strong>apostolis</strong></span> <span class='ocrx_word' id='word_1_853' title='bbox 255 5515 279 5557; x_wconf 89' lang='lat' dir='ltr'><strong>et</strong></span> <span class='ocrx_word' id='word_1_854' title='bbox 291 5504 324 5555; x_wconf 88' lang='lat' dir='ltr'><strong>ub</strong></span> <span class='ocrx_word' id='word_1_855' title='bbox 349 5501 448 5556; x_wconf 84' lang='lat' dir='ltr'><strong>irrebitis</strong></span> <span class='ocrx_word' id='word_1_856' title='bbox 460 5500 585 5557; x_wconf 79' lang='lat' dir='ltr'><strong>Patribus</strong></span> <span class='ocrx_word' id='word_1_857' title='bbox 598 5504 694 5558; x_wconf 83' lang='lat' dir='ltr'><strong>uostris</strong></span> <span class='ocrx_word' id='word_1_858' title='bbox 714 5505 837 5560; x_wconf 86' lang='lat' dir='ltr'><strong>corsouire</strong></span> <span class='ocrx_word' id='word_1_859' title='bbox 846 5511 908 5557; x_wconf 86' lang='lat' dir='ltr'><strong>suut</strong></span> 
     </span>
    </p>
   </div>
   <div class='ocr_carea' id='block_1_22' title="bbox 960 4938 1754 5505">
    <p class='ocr_par' dir='ltr' id='par_1_24' title="bbox 960 4938 1754 5505">
     <span class='ocr_line' id='line_1_112' title="bbox 961 4938 1753 5009; baseline 0.004 -18"><span class='ocrx_word' id='word_1_860' title='bbox 961 4939 1043 5008; x_wconf 78' lang='lat' dir='ltr'><strong>ipitur</strong></span> <span class='ocrx_word' id='word_1_861' title='bbox 1053 4938 1108 4993; x_wconf 84' lang='lat' dir='ltr'><strong>irrec</strong></span> <span class='ocrx_word' id='word_1_862' title='bbox 1119 4940 1208 4993; x_wconf 88' lang='lat' dir='ltr'><strong>ournio</strong></span> <span class='ocrx_word' id='word_1_863' title='bbox 1221 4956 1253 4993; x_wconf 80' lang='lat' dir='ltr'><strong>eo</strong></span> <span class='ocrx_word' id='word_1_864' title='bbox 1268 4954 1298 4992; x_wconf 88' lang='lat' dir='ltr'><strong>eo</strong></span> <span class='ocrx_word' id='word_1_865' title='bbox 1311 4941 1380 5009; x_wconf 91' lang='lat' dir='ltr'><strong>quod</strong></span> <span class='ocrx_word' id='word_1_866' title='bbox 1393 4941 1568 4994; x_wconf 81' lang='lat' dir='ltr'><strong>sacerdotium</strong></span> <span class='ocrx_word' id='word_1_867' title='bbox 1587 4942 1708 4995; x_wconf 83' lang='lat' dir='ltr'><strong>eruditur</strong></span> <span class='ocrx_word' id='word_1_868' title='bbox 1726 4950 1753 4995; x_wconf 86' lang='lat' dir='ltr'><strong>et</strong></span> 
     </span>
     <span class='ocr_line' id='line_1_113' title="bbox 961 5008 1750 5078; baseline 0.003 -15"><span class='ocrx_word' id='word_1_869' title='bbox 961 5014 1069 5073; x_wconf 83' lang='lat' dir='ltr'><strong>attritur.</strong></span> <span class='ocrx_word' id='word_1_870' title='bbox 1089 5008 1221 5077; x_wconf 73' lang='lat' dir='ltr'><strong>Subiecta</strong></span> <span class='ocrx_word' id='word_1_871' title='bbox 1235 5008 1316 5078; x_wconf 84' lang='lat' dir='ltr'><strong>iqitur</strong></span> <span class='ocrx_word' id='word_1_872' title='bbox 1335 5013 1470 5064; x_wconf 80' lang='lat' dir='ltr'><strong>sententio</strong></span> <span class='ocrx_word' id='word_1_873' title='bbox 1481 5026 1514 5065; x_wconf 77' lang='lat' dir='ltr'><strong>eo</strong></span> <span class='ocrx_word' id='word_1_874' title='bbox 1528 5010 1750 5065; x_wconf 82' lang='lat' dir='ltr'><strong>sauctiscoilectte</strong></span> 
     </span>
     <span class='ocr_line' id='line_1_114' title="bbox 961 5078 1753 5151; baseline -0.003 -16"><span class='ocrx_word' id='word_1_875' title='bbox 961 5080 1077 5137; x_wconf 85' lang='lat' dir='ltr'><strong>alienum</strong></span> <span class='ocrx_word' id='word_1_876' title='bbox 1105 5081 1211 5134; x_wconf 83' lang='lat' dir='ltr'><strong>onuuuo</strong></span> <span class='ocrx_word' id='word_1_877' title='bbox 1240 5082 1411 5134; x_wconf 78' lang='lat' dir='ltr'><strong>aeocerdotio</strong></span> <span class='ocrx_word' id='word_1_878' title='bbox 1438 5080 1612 5150; x_wconf 88' lang='lat' dir='ltr'><strong>pronuntiant</strong></span> <span class='ocrx_word' id='word_1_879' title='bbox 1628 5095 1687 5135; x_wconf 85' lang='lat' dir='ltr'><strong>eum</strong></span> <span class='ocrx_word' id='word_1_880' title='bbox 1705 5078 1753 5151; x_wconf 83' lang='lat' dir='ltr'><strong>qui</strong></span> 
     </span>
     <span class='ocr_line' id='line_1_115' title="bbox 960 5150 1749 5222; baseline 0.001 -18"><span class='ocrx_word' id='word_1_881' title='bbox 960 5167 1116 5222; x_wconf 85' lang='lat' dir='ltr'><strong>quocunque</strong></span> <span class='ocrx_word' id='word_1_882' title='bbox 1137 5161 1251 5219; x_wconf 87' lang='lat' dir='ltr'><strong>tempore</strong></span> <span class='ocrx_word' id='word_1_883' title='bbox 1267 5150 1369 5204; x_wconf 87' lang='lat' dir='ltr'><strong>dederit</strong></span> <span class='ocrx_word' id='word_1_884' title='bbox 1388 5150 1427 5204; x_wconf 86' lang='lat' dir='ltr'><strong>sei</strong></span> <span class='ocrx_word' id='word_1_885' title='bbox 1447 5152 1586 5219; x_wconf 84' lang='lat' dir='ltr'><strong>occeperit,</strong></span> <span class='ocrx_word' id='word_1_886' title='bbox 1605 5150 1659 5206; x_wconf 84' lang='lat' dir='ltr'><strong>siue</strong></span> <span class='ocrx_word' id='word_1_887' title='bbox 1685 5161 1749 5206; x_wconf 80' lang='lat' dir='ltr'><strong>ests</strong></span> 
     </span>
     <span class='ocr_line' id='line_1_116' title="bbox 962 5220 1753 5290; baseline -0.003 -14"><span class='ocrx_word' id='word_1_888' title='bbox 962 5222 1167 5286; x_wconf 85' lang='lat' dir='ltr'><strong>ordinationem,</strong></span> <span class='ocrx_word' id='word_1_889' title='bbox 1183 5223 1235 5277; x_wconf 87' lang='lat' dir='ltr'><strong>siue</strong></span> <span class='ocrx_word' id='word_1_890' title='bbox 1251 5220 1467 5286; x_wconf 88' lang='lat' dir='ltr'><strong>inordinatione,</strong></span> <span class='ocrx_word' id='word_1_891' title='bbox 1486 5223 1540 5275; x_wconf 85' lang='lat' dir='ltr'><strong>sire</strong></span> <span class='ocrx_word' id='word_1_892' title='bbox 1560 5227 1618 5290; x_wconf 89' lang='lat' dir='ltr'><strong>post</strong></span> <span class='ocrx_word' id='word_1_893' title='bbox 1644 5220 1753 5275; x_wconf 88' lang='lat' dir='ltr'><strong>ordina·</strong></span> 
     </span>
     <span class='ocr_line' id='line_1_117' title="bbox 962 5292 1752 5361; baseline -0.003 -14"><span class='ocrx_word' id='word_1_894' title='bbox 962 5294 1070 5347; x_wconf 90' lang='lat' dir='ltr'><strong>tionem.</strong></span> <span class='ocrx_word' id='word_1_895' title='bbox 1089 5292 1213 5359; x_wconf 79' lang='lat' dir='ltr'><strong>decipere</strong></span> <span class='ocrx_word' id='word_1_896' title='bbox 1239 5292 1307 5346; x_wconf 87' lang='lat' dir='ltr'><strong>enirn</strong></span> <span class='ocrx_word' id='word_1_897' title='bbox 1330 5295 1369 5343; x_wconf 86' lang='lat' dir='ltr'><strong>est</strong></span> <span class='ocrx_word' id='word_1_898' title='bbox 1394 5295 1602 5361; x_wconf 85' lang='lat' dir='ltr'><strong>quandocunque</strong></span> <span class='ocrx_word' id='word_1_899' title='bbox 1623 5292 1752 5359; x_wconf 76' lang='lat' dir='ltr'><strong>accipere.</strong></span> 
     </span>
     <span class='ocr_line' id='line_1_118' title="bbox 963 5362 1754 5433; baseline -0.003 -14"><span class='ocrx_word' id='word_1_900' title='bbox 963 5363 1016 5419; x_wconf 90' lang='lat' dir='ltr'><strong>Sed</strong></span> <span class='ocrx_word' id='word_1_901' title='bbox 1035 5376 1059 5417; x_wconf 89' lang='lat' dir='ltr'><strong>et</strong></span> <span class='ocrx_word' id='word_1_902' title='bbox 1072 5381 1160 5417; x_wconf 79' lang='lat' dir='ltr'><strong>erueres</strong></span> <span class='ocrx_word' id='word_1_903' title='bbox 1188 5362 1377 5417; x_wconf 85' lang='lat' dir='ltr'><strong>ecclesiastieae</strong></span> <span class='ocrx_word' id='word_1_904' title='bbox 1398 5364 1585 5429; x_wconf 87' lang='lat' dir='ltr'><strong>promotiones,</strong></span> <span class='ocrx_word' id='word_1_905' title='bbox 1605 5363 1634 5416; x_wconf 89' lang='lat' dir='ltr'><strong>iu</strong></span> <span class='ocrx_word' id='word_1_906' title='bbox 1656 5362 1754 5433; x_wconf 74' lang='lat' dir='ltr'><strong>quibes</strong></span> 
     </span>
     <span class='ocr_line' id='line_1_119' title="bbox 960 5430 1515 5505; baseline -0.011 -14"><span class='ocrx_word' id='word_1_907' title='bbox 960 5436 1071 5505; x_wconf 78' lang='lat' dir='ltr'><strong>perereio</strong></span> <span class='ocrx_word' id='word_1_908' title='bbox 1082 5436 1231 5499; x_wconf 87' lang='lat' dir='ltr'><strong>interuenit,</strong></span> <span class='ocrx_word' id='word_1_909' title='bbox 1242 5434 1330 5487; x_wconf 87' lang='lat' dir='ltr'><strong>irritos</strong></span> <span class='ocrx_word' id='word_1_910' title='bbox 1347 5446 1403 5485; x_wconf 90' lang='lat' dir='ltr'><strong>esse</strong></span> <span class='ocrx_word' id='word_1_911' title='bbox 1412 5430 1515 5499; x_wconf 83' lang='lat' dir='ltr'><strong>jubent.</strong></span> 
     </span>
    </p>
   </div>
   <div class='ocr_carea' id='block_1_23' title="bbox 148 5674 1756 5751">
    <p class='ocr_par' dir='ltr' id='par_1_25' title="bbox 148 5674 1756 5751">
     <span class='ocr_line' id='line_1_120' title="bbox 148 5674 1756 5751; baseline -0.006 -13"><span class='ocrx_word' id='word_1_912' title='bbox 148 5682 263 5749; x_wconf 68' lang='lat' dir='ltr'><strong>Qossr.</strong></span> <span class='ocrx_word' id='word_1_913' title='bbox 287 5680 308 5735; x_wconf 94' lang='grc' dir='ltr'><strong>Ι.</strong></span> <span class='ocrx_word' id='word_1_914' title='bbox 329 5680 361 5735; x_wconf 85' lang='lat' dir='ltr'><strong>C.</strong></span> <span class='ocrx_word' id='word_1_915' title='bbox 382 5682 607 5739; x_wconf 62' lang='lat' dir='ltr'><strong>utrumuis.</strong></span> <span class='ocrx_word' id='word_1_916' title='bbox 631 5686 704 5750; x_wconf 74' lang='lat' dir='ltr'><strong>od,</strong></span> <span class='ocrx_word' id='word_1_917' title='bbox 729 5702 755 5739; x_wconf 84' lang='lat' dir='ltr'><strong>r.</strong></span> <span class='ocrx_word' id='word_1_918' title='bbox 779 5685 815 5741; x_wconf 67' lang='lat' dir='ltr'><strong>id</strong></span> <span class='ocrx_word' id='word_1_919' title='bbox 851 5686 1002 5742; x_wconf 60' lang='lat' dir='ltr'><strong>“uisae</strong></span> <span class='ocrx_word' id='word_1_920' title='bbox 1023 5684 1113 5751; x_wconf 77' lang='lat' dir='ltr'><strong>d0,v.</strong></span> <span class='ocrx_word' id='word_1_921' title='bbox 1134 5682 1162 5735; x_wconf 76' lang='lat'><strong>2.</strong></span> <span class='ocrx_word' id='word_1_922' title='bbox 1199 5676 1510 5743; x_wconf 62' lang='lat' dir='ltr'><strong>&#39;discriminum</strong></span> <span class='ocrx_word' id='word_1_923' title='bbox 1547 5674 1756 5731; x_wconf 62' lang='lat' dir='ltr'><strong>“Aeneid-</strong></span> 
     </span>
    </p>
   </div>
   <div class='ocr_carea' id='block_1_24' title="bbox 112 5752 448 5824">
    <p class='ocr_par' dir='ltr' id='par_1_26' title="bbox 112 5752 448 5824">
     <span class='ocr_line' id='line_1_121' title="bbox 112 5752 448 5824; baseline 0.003 -18"><span class='ocrx_word' id='word_1_924' title='bbox 112 5752 172 5807; x_wconf 82' lang='lat' dir='ltr'><strong>‘⁰&#39;l</strong></span> <span class='ocrx_word' id='word_1_925' title='bbox 191 5754 261 5824; x_wconf 81' lang='lat' dir='ltr'><strong>lieg.</strong></span> <span class='ocrx_word' id='word_1_926' title='bbox 274 5768 300 5807; x_wconf 89' lang='lat' dir='ltr'><strong>c.</strong></span> <span class='ocrx_word' id='word_1_927' title='bbox 315 5752 347 5815; x_wconf 70' lang='lat'><strong>2,</strong></span> <span class='ocrx_word' id='word_1_928' title='bbox 362 5768 387 5805; x_wconf 88' lang='lat' dir='ltr'><strong>r.</strong></span> <span class='ocrx_word' id='word_1_929' title='bbox 403 5754 448 5807; x_wconf 70' lang='lat' dir='ltr'><strong>su.</strong></span> 
     </span>
    </p>
   </div>
   <div class='ocr_carea' id='block_1_25' title="bbox 519 5754 926 5829">
    <p class='ocr_par' dir='ltr' id='par_1_27' title="bbox 519 5754 926 5829">
     <span class='ocr_line' id='line_1_122' title="bbox 519 5754 926 5829; baseline 0.01 -20"><span class='ocrx_word' id='word_1_930' title='bbox 519 5754 617 5825; x_wconf 70' lang='lat' dir='ltr'><strong>puer.</strong></span> <span class='ocrx_word' id='word_1_931' title='bbox 642 5773 666 5811; x_wconf 70' lang='grc' dir='ltr'><strong>ι.</strong></span> <span class='ocrx_word' id='word_1_932' title='bbox 691 5757 719 5820; x_wconf 81' lang='grc' dir='ltr'><strong>ι,</strong></span> <span class='ocrx_word' id='word_1_933' title='bbox 739 5772 765 5811; x_wconf 80' lang='grc' dir='ltr'><strong>ι.</strong></span> <span class='ocrx_word' id='word_1_934' title='bbox 791 5756 836 5812; x_wconf 82' lang='lat' dir='ltr'><strong>m.</strong></span> <span class='ocrx_word' id='word_1_935' title='bbox 884 5758 926 5829; x_wconf 88' lang='lat'><strong>††</strong></span> 
     </span>
    </p>
   </div>
   <div class='ocr_carea' id='block_1_26' title="bbox 939 5742 1758 5818">
    <p class='ocr_par' dir='ltr' id='par_1_28' title="bbox 939 5742 1758 5818">
     <span class='ocr_line' id='line_1_123' title="bbox 939 5742 1758 5818; baseline -0.015 -5"><span class='ocrx_word' id='word_1_936' title='bbox 939 5760 951 5813; x_wconf 87' lang='lat' dir='ltr'><strong>l</strong></span> <span class='ocrx_word' id='word_1_937' title='bbox 967 5756 1039 5812; x_wconf 76' lang='lat' dir='ltr'><strong>Tito.</strong></span> <span class='ocrx_word' id='word_1_938' title='bbox 1058 5772 1082 5810; x_wconf 91' lang='lat' dir='ltr'><strong>e.</strong></span> <span class='ocrx_word' id='word_1_939' title='bbox 1098 5755 1126 5818; x_wconf 85' lang='lat'><strong>5,</strong></span> <span class='ocrx_word' id='word_1_940' title='bbox 1142 5768 1168 5808; x_wconf 87' lang='lat' dir='ltr'><strong>r.</strong></span> <span class='ocrx_word' id='word_1_941' title='bbox 1181 5754 1208 5808; x_wconf 89' lang='lat' dir='ltr'><strong>l.</strong></span> <span class='ocrx_word' id='word_1_942' title='bbox 1245 5754 1269 5788; x_wconf 76' lang='lat'><strong>⁸⁹</strong></span> <span class='ocrx_word' id='word_1_943' title='bbox 1284 5754 1346 5807; x_wconf 82' lang='lat' dir='ltr'><strong>uild.</strong></span> <span class='ocrx_word' id='word_1_944' title='bbox 1371 5762 1514 5807; x_wconf 84' lang='lat' dir='ltr'><strong>:sonetum</strong></span> <span class='ocrx_word' id='word_1_945' title='bbox 1533 5765 1540 5804; x_wconf 93' lang='lat'><strong>:</strong></span> <span class='ocrx_word' id='word_1_946' title='bbox 1561 5746 1631 5801; x_wconf 78' lang='lat' dir='ltr'><strong>liud.</strong></span> <span class='ocrx_word' id='word_1_947' title='bbox 1645 5742 1710 5798; x_wconf 90' lang='lat' dir='ltr'><strong>coll.</strong></span> <span class='ocrx_word' id='word_1_948' title='bbox 1723 5757 1758 5801; x_wconf 77' lang='lat' dir='ltr'><strong>oe</strong></span> 
     </span>
    </p>
   </div>
   <div class='ocr_carea' id='block_1_27' title="bbox 112 5816 1760 5897">
    <p class='ocr_par' dir='ltr' id='par_1_29' title="bbox 112 5816 1760 5897">
     <span class='ocr_line' id='line_1_124' title="bbox 112 5816 1760 5897; baseline 0.001 -19"><span class='ocrx_word' id='word_1_949' title='bbox 112 5820 292 5879; x_wconf 68' lang='lat' dir='ltr'><strong>”utiturnc.</strong></span> <span class='ocrx_word' id='word_1_950' title='bbox 315 5824 361 5878; x_wconf 71' lang='lat' dir='ltr'><strong>td.</strong></span> <span class='ocrx_word' id='word_1_951' title='bbox 397 5823 418 5856; x_wconf 88' lang='lat'><strong>&#39;¹</strong></span> <span class='ocrx_word' id='word_1_952' title='bbox 432 5824 602 5879; x_wconf 86' lang='lat' dir='ltr'><strong>dtutrrouiunt.</strong></span> <span class='ocrx_word' id='word_1_953' title='bbox 615 5826 665 5882; x_wconf 80' lang='lat' dir='ltr'><strong>Ed.</strong></span> <span class='ocrx_word' id='word_1_954' title='bbox 682 5828 743 5883; x_wconf 71' lang='lat' dir='ltr'><strong>llud.</strong></span> <span class='ocrx_word' id='word_1_955' title='bbox 763 5824 787 5860; x_wconf 75' lang='lat'><strong>⁹¹</strong></span> <span class='ocrx_word' id='word_1_956' title='bbox 800 5831 921 5887; x_wconf 82' lang='lat' dir='ltr'><strong>abessan</strong></span> <span class='ocrx_word' id='word_1_957' title='bbox 940 5830 1007 5885; x_wconf 67' lang='lat' dir='ltr'><strong>lictu.</strong></span> <span class='ocrx_word' id='word_1_958' title='bbox 1025 5829 1089 5884; x_wconf 86' lang='lat' dir='ltr'><strong>coli.</strong></span> <span class='ocrx_word' id='word_1_959' title='bbox 1104 5840 1131 5882; x_wconf 90' lang='lat' dir='ltr'><strong>o.</strong></span> <span class='ocrx_word' id='word_1_960' title='bbox 1145 5841 1186 5897; x_wconf 82' lang='lat' dir='ltr'><strong>pr.</strong></span> <span class='ocrx_word' id='word_1_961' title='bbox 1202 5826 1264 5882; x_wconf 82' lang='lat' dir='ltr'><strong>Bes.</strong></span> <span class='ocrx_word' id='word_1_962' title='bbox 1301 5820 1480 5879; x_wconf 50' lang='lat' dir='ltr'><strong>”dci-cd</strong></span> <span class='ocrx_word' id='word_1_963' title='bbox 1520 5816 1760 5871; x_wconf 62' lang='lat' dir='ltr'><strong>“add-imm</strong></span> 
     </span>
    </p>
   </div>
   <div class='ocr_carea' id='block_1_28' title="bbox 112 5894 624 5967">
    <p class='ocr_par' dir='ltr' id='par_1_30' title="bbox 112 5894 624 5967">
     <span class='ocr_line' id='line_1_125' title="bbox 112 5894 624 5967; baseline 0.008 -20"><span class='ocrx_word' id='word_1_964' title='bbox 112 5894 310 5967; x_wconf 81' lang='lat' dir='ltr'><strong>impositionem</strong></span> <span class='ocrx_word' id='word_1_965' title='bbox 327 5912 335 5948; x_wconf 84' lang='lat' dir='ltr'><strong>r</strong></span> <span class='ocrx_word' id='word_1_966' title='bbox 354 5894 420 5948; x_wconf 77' lang='lat' dir='ltr'><strong>unt.</strong></span> <span class='ocrx_word' id='word_1_967' title='bbox 437 5895 498 5951; x_wconf 83' lang='lat' dir='ltr'><strong>Bas.</strong></span> <span class='ocrx_word' id='word_1_968' title='bbox 509 5911 542 5950; x_wconf 80' lang='lat' dir='ltr'><strong>ex</strong></span> <span class='ocrx_word' id='word_1_969' title='bbox 558 5898 624 5951; x_wconf 73' lang='lat' dir='ltr'><strong>dits.</strong></span> 
     </span>
    </p>
   </div>
   <div class='ocr_carea' id='block_1_29' title="bbox 280 5986 653 6054">
    <p class='ocr_par' dir='ltr' id='par_1_31' title="bbox 280 5986 653 6054">
     <span class='ocr_line' id='line_1_126' title="bbox 280 5986 653 6054; baseline -0.003 -3"><span class='ocrx_word' id='word_1_970' title='bbox 280 5986 419 6051; x_wconf 67' lang='lat' dir='ltr'><strong>Persou</strong></span> <span class='ocrx_word' id='word_1_971' title='bbox 438 5988 653 6054; x_wconf 62' lang='lat' dir='ltr'><strong>comittit.</strong></span> 
     </span>
    </p>
   </div>
   <div class='ocr_carea' id='block_1_30' title="bbox 1595 5976 1634 6039">
    <p class='ocr_par' dir='ltr' id='par_1_32' title="bbox 1595 5976 1634 6039">
     <span class='ocr_line' id='line_1_127' title="bbox 1595 5976 1634 6039; baseline -0.077 0"><span class='ocrx_word' id='word_1_972' title='bbox 1595 5976 1634 6039; x_wconf 72' lang='lat' dir='ltr'><strong>id</strong></span> 
     </span>
    </p>
   </div>
   <div class='ocr_carea' id='block_1_31' title="bbox 0 0 1992 6331">
    <p class='ocr_par' dir='ltr' id='par_1_33' title="bbox 0 0 1992 6331">
     <span class='ocr_line' id='line_1_128' title="bbox 0 0 1992 6331; baseline 0 0"><span class='ocrx_word' id='word_1_973' title='bbox 0 0 1992 6331; x_wconf 95' lang='lat' dir='ltr'><strong> </strong></span> 
     </span>
    </p>
   </div>
  </div>
 </body>
</html>
