3975 6334
281 375 317 436 ss
581 325 597 368 ⁹
799 373 945 433 osunen
962 375 1053 432 nnus
1068 375 1184 434 untur.
1206 377 1293 436 utsr.
1310 379 1377 438 ιιιι.
1863 381 1899 440 ss

318 491 393 550 Unde
406 495 495 552 seritis
521 495 672 554 Hadrianus
695 509 764 566 papa
789 493 917 550 Therasia
944 493 1103 559 Patrue-n
1150 497 1171 552 ll
1183 497 1283 574 Parni
1296 501 1323 556 2.
1334 501 1460 558 Etsoluta
1474 500 1593 575 synodus
1609 508 1651 556 est
1662 496 1899 556 Constantiuixlv

626 567 682 622 chre
692 567 734 620 ⁸⁸:
1116 605 1196 646 arsuro.
1212 593 1276 648 Post
1292 604 1409 665 quatuor
1423 609 1487 652 nero
1499 604 1546 650 aut
1568 593 1688 664 quinque
1712 605 1797 648 annos
1815 590 1899 650 fidem

303 655 395 713 ·C.V.
410 657 493 714 Sesto
507 657 622 729 synodus
643 655 798 711 auctoritate
819 654 953 712 Hadriani
976 672 1066 712 corro-
1116 685 1203 739 meu
1219 683 1313 743 pm
1332 686 1487 760 congregant
1509 687 1638 742 sumsuh
1657 683 1900 752 thrithemius

318 817 401 874 su
443 821 456 861 s
520 819 554 876 ,d
616 729 733 874 matur·
797 818 831 834 ··
1005 819 1032 875 Ἰ)
1116 773 1302 841 Constantini,
1320 786 1348 831 et
1361 777 1503 847 praedictos
1523 791 1639 832 canones
1652 776 1897 848 promulgaverunt,

339 835 371 876 ex
404 835 429 874 m
468 834 518 892 syn
556 833 1014 892 amsancammpwoummm
1034 833 1066 874 ¹⁸⁸
1115 861 1258 935 dequibus
1273 863 1361 920 nnllns
1374 866 1488 921 dubitet.
1503 865 1554 934 Qui
1569 867 1642 921 enim
1657 865 1708 922 snb
1721 865 1899 922 Constantino

282 912 430 1058 ‘agmipus
445 913 512 968 πίε·
611 1006 617 1018 ,
1114 952 1142 1007 in
1154 954 1258 1024 synodo
1272 952 1389 1020 suerunt,
1400 955 1480 1010 iidem
1492 955 1543 1027 ipsi
1553 956 1671 1027 episcopi
1683 956 1734 1011 suu
1743 953 1899 1010 iustiniani)

344 1013 472 1060 'mnus'
487 1003 538 1061 sm
555 1005 689 1060 ‘mmm'
701 1007 733 1060 αθ
747 1021 791 1072 ‘⁶’
819 1021 854 1061 ω’
872 1021 983 1060 ‘mm'
1003 1021 1065 1108 ⁶⁰¹⁸ss
1114 1041 1176 1098 lstis
1194 1044 1344 1101 canonibus
1364 1046 1591 1117 subscripserunt.
1606 1047 1753 1119 Oportebat
1767 1047 1854 1113 enim,
1867 1055 1899 1102 ut

282 1107 426 1237 ’στω
439 1097 514 1240 ’Μ
527 1113 560 1151 ‘³
579 1108 674 1169 mm
696 1104 797 1152 mmm
810 1103 890 1152 ’Μ
907 1096 957 1137 w
970 1095 1065 1167 'W'
1114 1137 1233 1208 synnodus
1247 1138 1407 1196 uniuersalis
1424 1155 1543 1199 tatrones
1565 1139 1762 1197 ecclesiasticos
1777 1137 1900 1211 promul·

283 1187 526 1333 [⁰⁶⁸Y⁶⁸⁰.mg'
602 1281 612 1304 ,
658 1281 664 1290 ,
771 1279 795 1314 n
811 1277 849 1334 N,
921 1279 948 1334 ὀ,
987 1295 994 1307 .
1080 1236 1200 1299 rgaret.
1212 1227 1407 1304 transuta.
1423 1231 1521 1288 Sancta
1537 1243 1614 1292 setta
1627 1230 1746 1304 synodus
1764 1239 1824 1302 post
1837 1245 1901 1301 pro·

371 1287 397 1426 g
412 1287 592 1427 z⁸;mse⁰:r⁰⁵
623 1295 757 1427 ‘rm‘
805 1372 812 1387 ,
839 1293 921 1386 ¹⁶⁰⁰⁸f
939 1295 990 1426 ’,τ’
1114 1321 1261 1393 muigatam
1282 1326 1361 1381 aliea
1381 1317 1567 1382 diffinitionem
1582 1333 1676 1382 contra
1696 1323 1899 1388 llonotlrelitas,

395 1409 402 1424 '
454 1410 460 1424 '
510 1387 633 1444 mmm
653 1387 976 1443 mmmnn'wmmpn'
1114 1415 1291 1476 Constantino
1318 1417 1491 1488 imperatore,
1509 1418 1555 1488 qut
1580 1433 1640 1478 earn
1668 1428 1898 1489 eormregarerat,

1115 1525 1168 1566 nou
1190 1510 1274 1565 multo
1298 1519 1359 1580 post
1383 1509 1518 1577 deiuncto,
1538 1521 1566 1567 et
1588 1510 1742 1567 iustiniano
1758 1507 1817 1578 eins
1843 1508 1900 1564 hlio

1114 1611 1244 1672 regnante
1258 1617 1307 1674 pro
1317 1617 1361 1666 eo,
1379 1601 1434 1676 pl.
1450 1601 1550 1659 Eadem
1565 1611 1660 1658 saneta
1670 1602 1789 1674 synodus
1804 1601 1902 1657 divini·

1116 1700 1160 1750 tos
1184 1693 1314 1764 inspirata
1339 1697 1438 1748 iterum
1465 1693 1697 1763 Constantinopoli
1725 1701 1823 1762 quarto
1853 1701 1902 1744 aut

1116 1787 1208 1856 quinto
1218 1801 1290 1844 anno
1301 1797 1462 1858 congregata
1472 1798 1525 1854 est,
1536 1795 1562 1842 et
1575 1801 1694 1844 cartones
1703 1799 1818 1842 numero
1827 1781 1901 1839 Cll'⁸

1117 1881 1152 1933 sd
1164 1879 1360 1936 correctionem
1373 1878 1495 1936 ecclesiae
1506 1875 1694 1950 promulgarit.

325 1461 445 1520 haheat
473 1463 570 1521 librum
599 1467 779 1522 continentem
813 1481 931 1523 canones
964 1475 1065 1522 sanetae

282 1565 366 1610 sexte
384 1555 491 1626 synodi.
512 1555 669 1614 Patriarcha
684 1557 773 1614 dixit:
790 1557 844 1630 pl.
858 1557 972 1626 Quidam
988 1573 1066 1613 scan-

282 1645 436 1702 dalizantur
459 1648 711 1720 perignorantism
743 1665 791 1720 pro
817 1649 966 1706 canonibus
995 1650 1064 1715 istis,

283 1735 428 1793 direntes:
453 1735 579 1809 Numquid
596 1745 671 1794 sexta
696 1740 813 1809 synodus
838 1753 956 1794 canones
983 1738 1066 1795 leciti

283 1825 376 1882 Sciant
387 1841 463 1900 rugo,
474 1830 600 1900 quoniam
613 1841 704 1886 sarrcta
718 1831 836 1902 synodus
849 1840 924 1887 setta
935 1831 985 1887 sub
996 1831 1066 1888 Coo·
1081 1843 1103 1900 Β

281 1919 401 1976 stantius
426 1931 588 1994 congregata
609 1931 652 1978 est
673 1930 768 1980 contra
792 1937 848 1988 eos,
870 1923 914 1994 qui
939 1923 1080 1980 dicebaut,

282 2023 364 2064 unam
390 2013 574 2080 operationem
600 2022 627 2069 et
651 2029 732 2068 unam
754 2012 920 2070 voluntatem
947 2027 1008 2071 esse
1034 2014 1061 2069 in
1152 2017 1686 2092 (immundatiserpoeellipitnr,qsod
1699 2013 1902 2086 ermenharius

281 2102 402 2171 Christo,
416 2108 443 2162 in
463 2123 516 2178 qna
535 2109 621 2164 sancti
644 2106 739 2165 Patres
765 2108 825 2164 illos
846 2117 875 2164 nt
889 2107 1064 2164 ltaeroticos¹⁸
1116 2113 1153 2168 his
1171 2121 1323 2182 conpressis
1340 2121 1377 2168 est
1388 2125 1397 2164 :
1410 2112 1494 2181 primo
1512 2113 1560 2167 suh
1577 2108 1751 2166 Corretontino
1768 2118 1792 2163 et
1811 2105 1900 2160 nullos

282 2201 592 2282 anathematizaverunt.
609 2214 635 2260 et
651 2204 828 2275 orthodoxam
845 2204 925 2276 lideru
939 2203 1065 2275 esplana-
1115 2221 1228 2261 canones
1241 2205 1391 2272 eonstituit;
1406 2204 1519 2259 seeundo
1533 2203 1580 2258 suh
1594 2201 1746 2258 instintione
1759 2199 1816 2270 filio
1829 2199 1900 2270 ejas,

282 2301 390 2347 rerunt.
1115 2305 1141 2350 et
1155 2294 1282 2370 prointus
1295 2310 1407 2350 canones
1420 2293 1601 2364 promuipurit.

838 2475 1057 2534 NOTthONES
1074 2474 1343 2534 consuetorum

319 2595 349 2652 C.
364 2591 397 2651 t.
414 2595 427 2638 ⁸
442 2591 567 2650 Sestum:
581 2593 635 2649 lloe
652 2593 765 2649 habetor
781 2595 808 2648 in
825 2593 942 2650 secunda
956 2595 1063 2652 actione
1161 2609 1187 2649 m
1201 2607 1312 2650 aunoss
1327 2593 1380 2648 line
1393 2603 1477 2649 sextae
1491 2593 1587 2676 synodi
1604 2600 1657 2646 tem
1696 2605 1726 2646 re
1744 2589 1901 2660 Arethonis

282 2666 522 2794 salutent
535 2663 1064 2808 *lilith”trltltitllltttltr
1118 2663 1364 2790 rtllhlcthli
1378 2661 1826 2801 nltthltttl'dhddttdll
1842 2661 1903 2800 hh

1569 2771 1575 2784 ⁹
1829 2771 1836 2797 i

282 2809 405 2879 epistolae
419 2821 434 2860 a
450 2805 581 2861 Tlnsrasio
596 2805 628 2861 ad
643 2819 673 2860 se
690 2803 787 2860 missae.
804 2805 838 2861 Et
860 2805 904 2860 hie
918 2803 1063 2862 Gratianus
1117 2807 1166 2861 hos
1177 2805 1318 2860 ediderunt
1333 2803 1450 2858 noluisse
1463 2804 1534 2872 ipsos
1547 2803 1627 2857 edere
1641 2811 1768 2870 tanquam
1781 2815 1903 2857 cannones

281 2895 337 2934 nun
352 2876 434 2933 reiert
453 2877 561 2948 propria
575 2874 633 2942 eius
651 2872 771 2945 epistole
785 2875 878 2943 verba,
897 2875 922 2930 in
938 2877 1064 2932 versione
1116 2886 1199 2930 sestae
1211 2874 1317 2946 synodi,
1331 2875 1379 2928 sed
1393 2869 1511 2928 uolrrisse
1522 2870 1658 2944 supplere,
1669 2873 1740 2940 qarorl
1756 2870 1903 2926 uidebatur

281 2948 353 3004 enim
368 2947 501 3002 hsrastasii
519 2945 717 3002 Bibliotheearii
730 2946 769 2999 sie
781 2944 895 3018 legitur:
913 2943 1063 3002 irruenimus
1119 2947 1147 3001 in
1161 2944 1180 2998 l'
1194 2959 1226 3000 ac
1241 2943 1271 2998 vt
1288 2945 1392 3015 synodo
1404 2941 1507 3011 deesse,
1519 2944 1635 3012 ipsamet
1647 2940 1751 2997 illorum
1765 2940 1800 2996 ati
1815 2941 1903 3011 impe-

281 3026 369 3072 uutem
382 3017 542 3083 improdicta
556 3017 682 3086 synodico
692 3015 958 3077 epistolusonrtitetis
973 3025 1063 3072 oestrrs
1118 3026 1233 3070 errorem
1247 3014 1373 3069 alloeutio
1394 3021 1518 3092 testatup.
1534 3015 1627 3084 ltaque
1646 3027 1714 3068 nona
1730 3013 1846 3068 dicenda
1857 3020 1902 3068 est

280 3099 338 3158 pust
352 3087 538 3155 plenitudinem
550 3086 644 3156 fideiet
660 3085 925 3156 confessionemsnrri
940 3087 1063 3158 symooii,
1116 3085 1175 3141 haec
1196 3085 1382 3154 episcoporum
1401 3083 1484 3138 coitio
1502 3102 1509 3137 :
1531 3083 1644 3151 tumque
1662 3080 1747 3138 Graeci
1772 3081 1855 3147 iilam,
1870 3095 1904 3138 ut

281 3167 306 3212 et
322 3157 437 3213 onmium
456 3167 606 3211 sanctarum
620 3172 666 3212 ses
679 3161 847 3226 synodorum.
861 3165 886 3212 et
900 3157 932 3210 de
944 3158 1027 3212 rueris
1039 3167 1063 3216 et
1117 3154 1210 3210 scribit
1227 3155 1378 3219 Baisanmn,
1387 3155 1551 3225 nssd'ims,
1563 3154 1590 3208 id
1603 3163 1646 3209 est
1659 3155 1779 3222 quintam
1794 3163 1902 3207 sestam

281 3227 470 3282 uenerabilibus
491 3227 856 3284 churueteridusmirueuium
879 3228 957 3282 tuude
978 3244 1009 3281 ne
1023 3244 1066 3282 se·
1117 3227 1247 3298 synnodum
1261 3225 1407 3296 appellant.
1418 3225 1544 3281 Ceterum
1565 3241 1617 3281 non
1633 3222 1717 3280 luisse
1730 3237 1824 3279 ornnes
1836 3221 1901 3280 illos

280 3299 417 3353 erratione
438 3297 619 3368 dignissimum
641 3297 780 3352 coruineri.
801 3296 888 3363 Quare
912 3305 938 3351 et
961 3297 1065 3352 eusdem
1080 3306 1102 3364 c
1117 3310 1259 3350 canonesa
1273 3296 1396 3354 llomana
1406 3297 1519 3352 eeclesia
1535 3305 1666 3364 receptos,
1677 3296 1730 3350 duo
1742 3295 1792 3348 uiri
1806 3309 1899 3349 rerum

281 3377 386 3422 sendus
404 3383 449 3422 ses
474 3369 586 3438 synodos
605 3369 718 3438 suscipis
741 3383 799 3421 cum
819 3368 937 3422 omnihus
958 3368 1064 3436 repulit,
1117 3365 1362 3422 ecclesiasticarum
1379 3367 1550 3436 peritissimi,
1573 3365 1732 3421 Anastasius
1750 3365 1900 3421 Bibliothe-

301 3454 341 3492 ιιι
356 3437 418 3508 jure
441 3453 472 3491 er
486 3437 608 3493 divinitae
623 3438 655 3490 ut
674 3437 737 3506 ipsis
755 3437 926 3508 promuipatoe
948 3449 1018 3492 sunt.
1032 3438 1066 3495 Et
1117 3436 1208 3490 carius
1220 3445 1249 3490 et
1262 3435 1426 3492 Hursrbertus
1439 3436 1537 3492 Leonis
1558 3437 1594 3492 lK
1615 3437 1720 3506 legatus
1742 3444 1835 3504 aperte
1858 3446 1901 3490 te-

281 3455 343 3568 irase
352 3508 460 3577 quidem
474 3514 608 3576 postrema
622 3509 704 3564 serha
719 3517 782 3562 sunt
797 3509 879 3562 etiam
893 3507 919 3563 in
937 3507 982 3562 illa
1007 3507 1065 3578 ipsa
1115 3516 1231 3561 stantur.
1249 3506 1414 3562 llumbertus
1428 3507 1537 3577 quiden·
1551 3509 1593 3562 his
1608 3507 1714 3562 uerbis:
1732 3503 1795 3560 Non
1807 3515 1901 3561 rutena

280 3577 406 3633 Titaresii
427 3577 549 3660 epistola,
569 3579 691 3647 quoties
709 3577 823 3635 eorreilio
841 3593 929 3648 graeco
943 3587 971 3636 et
994 3593 1064 3634 nota
1115 3577 1206 3642 miror,
1218 3577 1241 3630 si
1252 3576 1381 3647 spartani
1401 3577 1482 3648 Pspoe
1496 3589 1519 3631 et
1533 3579 1636 3646 eunetis
1647 3577 1771 3632 Pueriles
1791 3575 1825 3629 Vi
1855 3594 1904 3646 sp·

281 3647 506 3718 interpretauone
519 3647 593 3703 clare
605 3656 727 3718 apparet.
1115 3647 1178 3702 nodi
1200 3656 1283 3701 uestra
1307 3647 1439 3714 imputetis
1463 3646 1644 3710 deliramenta,
1663 3659 1687 3702 et
1698 3663 1758 3717 pram
1771 3659 1818 3701 uut
1839 3663 1901 3701 eor·

322 3738 338 3780 s
358 3737 445 3796 sm„
463 3752 472 3791 .·
491 3739 519 3794 1„
546 3739 663 3794 seeundo
686 3749 714 3794 οι
738 3739 817 3796 ωηῑο
840 3739 977 3794 Vaticanis
1000 3750 1062 3796 est:
1115 3717 1223 3786 rupistis
1239 3727 1285 3772 uut
1310 3717 1424 3785 finxistis
1445 3718 1571 3787 capitula,
1591 3729 1704 3790 quumet
1723 3717 1773 3787 ipsi
1787 3715 1903 3772 Domino

280 3819 371 3872 sexte,
385 3809 452 3863 nlius
466 3810 591 3880 septime.
614 3808 648 3866 Et
664 3823 727 3866 sere
748 3811 862 3880 septima
885 3820 938 3875 est,
962 3812 1010 3866 sed
1028 3812 1063 3866 oh
1114 3785 1179 3868 '‘3'‘
1193 3799 1217 3840 ‘¹
1237 3786 1360 3854 “imm
1373 3785 1431 3856 ‘1⁶¹¹‘
1454 3789 1585 3857 ‘mim‘
1602 3789 1735 3858 ‘imm‘
1754 3785 1830 3870 lim
1851 3805 1902 3842 '¹⁰⁸

280 3881 397 3952 glossam
411 3880 477 3934 „jhu
489 3890 531 3935 εει
545 3889 688 3936 mutatum·
994 3906 997 3916 ,
1114 3867 1223 3912 attentes
1238 3855 1272 3911 tt
1290 3857 1420 3926 synodum
1434 3864 1469 3912 od
1483 3858 1667 3917 destruentium
1680 3861 1790 3913 itrereun
1803 3873 1902 3928 preco·

1115 3943 1173 3980 rum
1188 3927 1428 3989 monothelitarum,
1442 3944 1492 3982 nou
1504 3939 1591 3983 uutests
1613 3930 1648 3984 ud
1670 3927 1825 3984 trudendum
1845 3927 1903 3982 tto-

315 3995 347 4049 G.
360 3995 404 4050 tt.
422 3997 431 4038 ἰ
448 3992 537 4050 Helen
552 3995 646 4050 liirauu
659 4009 668 4047 .·
682 3993 768 4051 Verba
782 4003 845 4051 sunt
858 3993 931 4050 Petri
944 3997 1062 4066 episcopi
1113 4000 1199 4051 manis
1224 4012 1303 4052 nouus
1326 3999 1521 4057 constitutiones
1543 4011 1740 4070 conprepotom,
1766 3999 1901 4067 capitulo,

279 4062 452 4132 Nicomcdiae,
472 4080 506 4120 ac
519 4064 819 4136 Therasiipatriarcltte
836 4064 1063 4137 Cottstnntiuopo·
1114 4083 1172 4136 qum
1195 4069 1269 4122 nolis
1289 4068 1337 4122 sui
1363 4068 1421 4138 ejus
1449 4069 1603 4133 sternutare
1623 4070 1769 4140 opponitis,
1787 4071 1900 4124 orrtnino

279 4135 367 4199 lilani,
380 4137 487 4192 actione
497 4144 595 4206 quarta
611 4133 655 4190 vll
665 4136 784 4208 'synodtz
801 4137 872 4206 quud
886 4135 995 4207 quidem
1011 4137 1062 4208 ipsi
1114 4136 1269 4206 refutamus,
1288 4138 1350 4210 puin
1373 4139 1458 4208 primo
1476 4149 1503 4193 et
1521 4141 1664 4210 apostolica
1685 4140 1758 4196 sedes
1779 4155 1825 4194 nee
1844 4142 1899 4193 oti-

280 4207 313 4260 de
329 4215 437 4262 centurn
459 4221 491 4261 ae
515 4205 620 4261 duatus
635 4208 786 4263 canonibus
810 4208 954 4275 dixerunt,
972 4208 1018 4278 qui
1035 4207 1062 4262 iu
1112 4211 1219 4276 quondo
1231 4225 1263 4262 eu
1274 4208 1384 4278 occepit,
1398 4225 1444 4268 stes
1458 4209 1575 4270 riserunt
1589 4210 1726 4268 lacunas.
1738 4211 1901 4265 Anastasius

279 4275 372 4333 'irullo
386 4287 507 4347 tempore
519 4273 661 4332 iustiniani
680 4275 850 4334 lihinotmeti
860 4277 978 4334 securrdo
990 4292 1063 4336 anno
1113 4291 1179 4332 uero
1192 4280 1218 4332 in
1239 4278 1395 4349 prelatione
1414 4279 1441 4332 in
1459 4280 1602 4350 septimam
1616 4284 1748 4350 synnodum
1765 4282 1799 4334 ad
1815 4279 1899 4335 loann-

279 4363 335 4402 snae
350 4346 529 4404 revocationis
544 4347 579 4402 ad
593 4345 736 4428 imperium
747 4347 813 4406 editi
827 4355 900 4408 sunt.
912 4345 1013 4402 Verum
1028 4363 1061 4403 es
1112 4362 1175 4402 nem
1198 4349 1252 4404 vttt
1270 4350 1418 4405 llomanum
1437 4347 1595 4408 Porrsiilcesu
1618 4353 1655 4405 ita
1673 4349 1783 4420 scripsit
1799 4367 1807 4404 ε
1826 4351 1899 4420 Erro

279 4418 322 4472 luis
337 4418 403 4488 ipsis
415 4417 505 4474 uerbis
518 4415 642 4472 Tharnen
664 4427 786 4489 apparet,
806 4434 854 4476 eos
867 4433 986 4474 canones
1008 4433 1062 4479 nou
1112 4419 1227 4486 repulus,
1245 4436 1310 4491 quos
1328 4411 1413 4473 Groeri
1435 4420 1462 4472 in
1481 4418 1515 4474 ut
1537 4420 1637 4490 synodo
1652 4421 1785 4490 perhibent
1799 4422 1898 4482 editus,

279 4502 339 4543 esse
355 4489 478 4561 pmprios
490 4496 574 4544 sextae
588 4489 693 4557 synodi,
704 4490 768 4560 quia
781 4489 889 4555 latetur,
903 4497 963 4558 post
976 4503 1062 4544 annos
1112 4489 1150 4542 ite
1164 4490 1191 4544 in
1205 4491 1254 4543 hue
1273 4488 1327 4544 l'll
1352 4489 1450 4560 synode
1472 4491 1623 4561 principalis
1636 4494 1709 4548 sedes
1727 4491 1854 4557 admittit,
1870 4503 1900 4544 ss

278 4568 395 4626 quatuor
414 4568 461 4614 aut
474 4558 604 4630 quinque,
646 4573 707 4620 uam
721 4572 754 4620 ea
775 4561 893 4630 synnodus
910 4558 1000 4616 iuerat
1015 4561 1062 4614 ah-
1112 4558 1261 4615 nullatenus
1274 4577 1306 4616 es
1318 4560 1359 4614 his
1374 4561 1428 4616 itite
1445 4561 1616 4628 recipiuntur,
1629 4578 1687 4632 pure
1705 4561 1836 4632 prioribus
1850 4577 1899 4615 en-

278 4627 386 4692 soluta,
409 4643 527 4685 canones
551 4627 612 4684 illos
626 4573 717 4684 (inisse
737 4629 824 4686 editos
841 4648 849 4685 a
864 4645 917 4700 quo
942 4639 1062 4700 ternpore
1112 4629 1233 4696 nunides,
1253 4631 1291 4688 uei
1310 4631 1421 4684 decretis
1440 4641 1589 4692 sanctorum
1604 4635 1673 4686 mdis
1697 4631 1776 4701 liujus
1791 4633 1900 4700 perstiti-

277 4699 459 4756 certisshnum
472 4709 525 4766 est,
542 4713 629 4770 neque
644 4700 767 4758 cumdem
782 4701 931 4758 llomanum
946 4698 1059 4756 Pontill·
1077 4681 1182 4763 ¹leuare,
1204 4710 1250 4754 aut
1272 4711 1339 4756 certe
1353 4701 1426 4754 ionis
1440 4701 1557 4755 moritus
1580 4702 1748 4756 inueniuntur
1761 4703 1898 4767 udoersoe;

277 4783 355 4836 cem,
381 4785 468 4838 ireque
491 4771 600 4827 eosdem
618 4771 760 4840 episcopos
784 4771 875 4827 luisse.
900 4769 1059 4841 Quanquam
1111 4771 1228 4838 porturis
1249 4787 1336 4826 onsnes
1350 4769 1475 4825 merenas
1488 4786 1521 4824 es
1535 4781 1589 4826 soro
1608 4783 1729 4832 moneant
1750 4777 1821 4839 opud
1845 4771 1899 4825 tn-

277 4838 306 4893 in
321 4840 371 4894 hae
385 4841 489 4896 ratione
504 4839 632 4911 temporis
647 4842 736 4911 potius
751 4841 913 4900 credendum
935 4850 977 4898 est
999 4840 1060 4896 dili·
1112 4841 1180 4898 tinos
1201 4841 1349 4912 inropnitoe,
1372 4841 1434 4911 quio
1455 4857 1501 4896 ner
1521 4841 1708 4912 interpretare.
1730 4841 1784 4898 Sed
1806 4858 1853 4896 nes
1870 4845 1900 4897 in

276 4909 441 4979 densissimis
466 4910 652 4979 ehrenotonis,
676 4909 831 4982 Theophani
858 4910 945 4984 (colus
975 4912 1057 4967 etiam
1111 4922 1263 4965 ceterorum
1276 4911 1492 4981 patriarchalium
1502 4911 1611 4976 mdiunr,
1621 4915 1680 4966 iicet
1690 4928 1775 4984 preco
1788 4923 1900 4967 sternar

275 4981 370 5044 serua.
385 4996 446 5052 quae
460 4983 494 5038 ad
514 4982 587 5036 hunc
604 4975 863 5108 locunipertineut,
884 4998 918 5038 es
934 4982 1059 5056 originali
1112 4981 1217 5051 limpor,
1243 4985 1408 5052 reperiantur
1430 4983 1566 5038 archiris:
1585 4983 1709 5037 nimirum
1735 4985 1797 5054 quio
1821 4985 1898 5035 nsitn

276 5065 382 5122 gracco,
404 5053 477 5122 quod
493 5052 522 5108 in
539 5049 700 5108 bibliotheca
740 5055 846 5110 aticana
867 5065 972 5118 exstat,
992 5053 1059 5108 satis
1110 5067 1212 5118 eurum,
1226 5053 1458 5123 quomederentsr,
1469 5062 1515 5107 sut
1529 5051 1709 5126 promulgans,
1723 5063 1768 5107 uss
1785 5070 1897 5108 consen·

275 5121 392 5178 lidelitcr
413 5124 542 5180 translata
556 5122 683 5194 leguntur
703 5125 773 5195 apud
794 5123 971 5180 Franciscum
990 5123 1060 5179 Tur·
1110 5123 1186 5190 tiens,
1204 5131 1249 5177 aut
1263 5124 1355 5178 saltem
1367 5138 1481 5195 presens
1492 5123 1596 5180 inuento
1607 5137 1655 5192 est,
1669 5140 1820 5196 quanquam
1839 5140 1899 5177 eos·

275 5193 383 5247 risuum
399 5193 447 5250 lib.
459 5195 493 5250 de
504 5193 549 5260 vt,
562 5192 605 5249 vu
616 5203 644 5246 et
659 5191 711 5248 lttt
725 5193 851 5266 synodo),
862 5203 890 5250 et
902 5195 1059 5260 anastasio,
1111 5194 1169 5248 dem
1191 5192 1285 5251 Patres
1300 5194 1360 5248 iilos
1374 5190 1460 5248 Greci
1473 5195 1652 5266 promuipnsse
1666 5196 1828 5266 perdiderant,
1848 5196 1895 5265 qui

278 5273 306 5317 ot
319 5261 436 5334 Georgio
450 5265 583 5330 Cedreoo,
599 5279 681 5336 quam
706 5262 849 5322 Tlrarasio.
865 5264 905 5320 lili
919 5267 992 5321 enirn
1006 5281 1059 5320 non
1110 5262 1138 5316 in
1158 5261 1191 5317 l'l
1208 5265 1307 5334 spnodo
1321 5273 1382 5321 sunt
1401 5264 1512 5332 inuenti,·
1528 5267 1573 5320 sed
1592 5265 1672 5324 nuliis
1696 5277 1764 5335 certe
1784 5271 1897 5337 prohat-e

275 5344 394 5402 quatuor
405 5345 451 5388 aut
464 5335 593 5406 quinque,
606 5347 637 5391 ut
651 5335 809 5402 Tharasius,
831 5337 878 5393 sed
900 5336 993 5407 viginti
1016 5350 1061 5392 se·
1113 5346 1220 5403 possunt
1233 5334 1347 5404 indiciis.

310 5617 385 5672 lites.
401 5617 478 5683 ΠΙ,
493 5615 525 5674 C.
540 5617 571 5673 V.
592 5618 615 5649 '⁰
629 5616 678 5687 Ep.
697 5613 831 5676 Tharasii.
844 5631 877 5671 es
892 5631 943 5687 qua
959 5630 1046 5671 canon
1066 5619 1205 5672 desunnus
1230 5625 1283 5682 cst,
1302 5628 1331 5673 et
1344 5613 1485 5676 Hadriani,
1508 5614 1534 5669 in
1549 5628 1601 5684 qna
1617 5615 1675 5686 ipss
1685 5615 1798 5683 canonis
1811 5614 1896 5670 rerha

273 5686 429 5756 laudantur,
453 5697 577 5758 prostant
600 5699 653 5744 art.
675 5687 858 5743 drunctllic.
874 5686 896 5741 ll
917 5687 979 5758 laub.
997 5688 1030 5745 h.
1043 5687 1104 5742 tet.
1124 5717 1158 5728 -
1173 5687 1217 5742 luo
1234 5685 1312 5742 perr.
1335 5685 1406 5754 pl,
1428 5701 1454 5741 c.
1469 5685 1532 5742 122.
1572 5685 1594 5717 '¹
1617 5684 1666 5740 lid.
1690 5685 1752 5740 uns.
1774 5685 1838 5737 arlrl.
1861 5699 1896 5743 ex

273 5756 362 5824 plesse
383 5777 390 5812 :
412 5759 481 5814 ulios
493 5765 531 5813 est
555 5757 770 5828 septimum-:th
786 5757 830 5812 ut.
870 5755 1032 5812 'lrolieen
1056 5772 1083 5827 p.
1102 5757 1130 5823 l,
1150 5771 1175 5812 c.
1194 5758 1255 5812 lst.
1293 5754 1895 5826 ”Eddanaroll.(ssc.lias.)aepiseopo,
1962 5794 1963 5801 .

273 5827 296 5872 tt
311 5841 396 5896 propte
418 5847 426 5884 ι
446 5828 515 5888 Edd.
538 5827 600 5884 coll.
621 5842 646 5884 o.
661 5855 696 5868 -
708 5829 818 5882 Boehm.
864 5829 886 5860 ¹⁸
900 5827 938 5883 lis
954 5837 1007 5884 act.
1020 5829 1036 5884 ⁶
1050 5844 1127 5885 conc.
1142 5827 1199 5883 u‘tc.
1220 5827 1251 5883 ll.
1287 5828 1310 5861 ¹⁸
1332 5825 1396 5883 cett
1412 5826 1486 5900 ,Eum
1511 5827 1563 5882 rol.
1588 5843 1614 5881 o.
1853 5833 1857 5843 “
