3975 6334
103 331 152 388 tls

343 444 375 501 (ἰ.
390 441 482 498 xllll.
496 440 534 496 De
549 442 649 497 eedem.

119 536 191 592 idem
208 532 311 589 trull
317 534 387 591 llll
405 534 504 591 Marad.
521 552 544 589 e.
562 533 608 601 16,
625 535 660 589 ad
686 550 745 603 eap.
759 533 794 589 28
807 533 870 587 lob.

137 628 254 683 Ferrum
266 629 301 683 de
312 638 387 684 terra
398 628 513 692 tollitur,
526 643 610 697 cuum
621 627 700 681 lortis
711 636 895 697 propugnator

104 716 252 775 eeclesiaea
269 730 388 781 terrena,
407 733 489 790 quam
501 718 577 787 prius
603 716 698 781 tenerit,
719 717 825 771 actione
851 730 895 771 se-

103 810 291 881 unicultor
304 829 370 885 ergo
383 814 412 868 in
423 812 544 869 eodebet
557 806 820 879 despici,uuodlult,
830 807 895 879 quia

113 902 144 935 ¹³⁸
153 903 213 972 jam
225 903 322 973 incipit
335 919 406 971 esse,
416 904 488 973 quod
503 918 556 958 uon
572 902 631 955 luit.

133 1004 167 1059 G.
187 1003 263 1059 xlx.
281 1005 346 1060 Post
370 1007 528 1075 condignam
551 1004 728 1072 minitantium
747 1003 860 1071 pristina

364 1078 524 1145 recipiantur
538 1074 631 1145 officia.

184 1168 255 1223 item
270 1166 452 1239 Hieronymus
464 1169 499 1223 ad
522 1168 609 1239 capii
623 1166 651 1220 ll
654 1168 743 1223 ielme
757 1167 801 1219 ¹⁸⁸.

133 1254 226 1325 Quum
248 1256 396 1314 exaudiero
415 1273 474 1322 eos,
500 1258 570 1313 dabo
589 1258 630 1312 eis
643 1258 769 1312 virtulem
783 1257 895 1327 spiritus

102 1350 163 1413 mei,
179 1360 209 1405 ct
223 1350 343 1418 implebo
354 1365 403 1407 eos
419 1350 523 1421 judicio
539 1359 639 1405 meoet
651 1349 819 1405 fortitudine.
830 1350 895 1405 Ani·

100 1442 242 1497 madverte
257 1443 302 1511 ¹²⁸,
319 1444 346 1498 iu
361 1443 486 1513 prasenti
502 1442 561 1498 loco
576 1456 655 1514 posse
666 1442 763 1497 docere
777 1441 894 1511 aliquem

99 1541 336 1604 postpeccatnm‚
351 1534 374 1590 si
390 1544 481 1589 tannen
505 1534 571 1588 nilla
595 1534 712 1603 pristina
734 1533 894 1604 paenitentia
940 1530 943 1533 ’

102 1622 183 1694 digna
198 1623 319 1679 diluerit.
336 1623 412 1680 Unde
422 1624 506 1679 llarid
520 1633 581 1693 post
591 1624 753 1681 adulterium
768 1634 797 1680 et
809 1625 896 1681 borni·

102 1716 203 1769 aldium
214 1716 337 1786 loguitur
349 1717 376 1771 in
387 1716 496 1772 Psalmo
509 1716 543 1749 ¹⁸⁶
557 1734 565 1772 r
577 1720 703 1789 diperges
722 1735 762 1771 me
772 1719 893 1787 duraopa.

630 327 779 389 decusat
799 326 889 385 ntus
907 325 1024 383 littus.
1045 324 1130 382 olsl.
1152 324 1185 381 1..

1681 326 1734 387 att

1202 436 1231 492 C.
1242 434 1323 491 xxlt.
1337 435 1375 490 De
1387 437 1485 493 eodem.

1018 528 1085 585 item
1098 546 1132 585 ex
1152 528 1273 585 Concilio
1287 528 1395 585 Martini
1410 528 1500 601 Papae,
1515 548 1539 585 a.
1553 532 1586 587 ll
1600 533 1645 591 ¹⁸⁸.

982 619 1012 676 Si
1030 624 1090 691 quis
1109 622 1249 693 presbyter·
1265 631 1313 677 aut
1329 621 1459 679 diaconus
1476 625 1491 665 ¹¹
1510 625 1634 681 inuentus
1652 626 1734 689 luerit

946 714 1049 787 aliquid
1076 718 1109 773 de
1136 716 1293 773 ministeriis
1318 719 1440 775 ecclesie
1463 714 1734 798 venundassmula

945 806 1115 877 sacrilegium
1138 809 1287 878 commisit,
1306 808 1407 881 placuit
1427 826 1488 867 cum
1511 812 1539 869 in
1565 816 1734 877 ordinatione

829 905 833 913 ·
944 899 1127 956 ecclesiastica
1144 918 1197 956 non
1216 902 1319 981 baberi.
1337 904 1367 958 lu
1384 904 1487 973 jndicio
1509 914 1598 964 tamen
1616 910 1734 983 episcopi

945 993 1135 1053 dimittendum
1149 998 1181 1029 ¹⁸⁸
1191 1010 1245 1067 est,
1256 1000 1359 1055 sivc'm
1374 1002 1471 1072 dignus
1481 1004 1528 1069 sit,
1540 1004 1598 1063 site
1610 1006 1734 1079 indignus

947 1086 974 1141 in
1005 1103 1054 1144 suo
1082 1092 1165 1161 recipi
1195 1101 1225 1147 ut
1250 1093 1347 1148 debeat
1373 1096 1476 1166 gradu,
1505 1099 1568 1168 quia
1597 1100 1735 1159 multoties

946 1178 997 1237 lroc
1022 1181 1055 1213 ur
1076 1184 1179 1253 ipsum,
1205 1186 1276 1255 qnod
1303 1188 1337 1243 de
1363 1201 1536 1247 sacrosancta
1554 1192 1652 1249 altario
1670 1210 1735 1250 con·

945 1274 1105 1329 turisinotum
1123 1286 1175 1345 est,
1194 1278 1220 1331 ln
1235 1278 1353 1349 episcopi
1370 1292 1502 1350 potestate
1517 1285 1659 1339 dimissum
1681 1294 1733 1341 est.

1151 1410 1184 1467 C.
1203 1413 1299 1469 xlllll.
1318 1414 1431 1471 PdLEd
1454 1418 1461 1458 ¹
1482 1417 1524 1469 ¹⁸⁸.

1093 1504 1160 1559 ltent
1173 1507 1342 1575 Augustinus
1359 1510 1394 1563 ad
1408 1509 1588 1566 bonifacium.

983 1619 1078 1675 «Rene
1096 1620 1169 1676 ualet
1189 1622 1317 1679 sacerdos
1337 1622 1443 1680 restitui
1458 1623 1492 1679 ad
1510 1624 1640 1680 bonorem
1657 1640 1734 1681 suum

944 1721 1007 1781 post
1031 1722 1168 1781 peractam
1193 1714 1394 1782 paenitentiam.
1425 1716 1488 1773 licet
1509 1717 1538 1771 in
1564 1718 1615 1773 boc
1635 1718 1734 1773 diversi

96 1809 303 1877 etmandalau
321 1809 422 1865 lavabit
437 1820 524 1875 me,et
545 1812 723 1880 supernivem
742 1810 892 1865 dealbabor.
911 1804 1054 1874 ssdiucrsa
1079 1807 1212 1873 sanctiunt,
1233 1806 1370 1873 dicentes,
1398 1824 1450 1864 non
1471 1824 1551 1879 posse
1571 1810 1677 1865 restitui
1702 1812 1736 1865 ad

99 1899 152 1957 llea
165 1916 219 1957 sua
235 1911 341 1957 tanturn
355 1901 473 1973 puritate
484 1911 629 1958 contentus
650 1910 703 1968 est,
722 1903 769 1956 sed
782 1900 865 1958 inlert
882 1918 891 1956 r

99 1992 189 2047 Redde
204 1994 274 2047 milri
287 1992 410 2049 letitiam
429 1994 557 2050 salutaria
577 1995 626 2061 tui,
645 2004 670 2049 et
682 1995 778 2065 spiritu
791 1994 892 2063 princi·

99 2066 150 2167 prii
159 2086 297 2156 confirma
309 2104 363 2153 me,
373 2103 513 2159 quumque
524 2089 576 2144 boc
593 2088 703 2155 leceris,
719 2087 827 2152 docebo,
843 2087 892 2153 alt,

98 2168 202 2248 inigitur
215 2180 272 2235 nias
285 2189 357 2248 tuan,
369 2192 393 2237 et
407 2183 481 2249 impii
500 2182 535 2236 ad
550 2190 575 2236 le
589 2190 781 2236 convertentur.

361 2270 392 2327 C.
412 2271 472 2327 XX.
492 2270 533 2327 lie
545 2273 647 2333 eodem.

149 2358 222 2413 item
233 2358 416 2433 Hieronymus
431 2363 478 2417 lii.
495 2360 529 2417 ll
550 2371 644 2417 eontra
656 2362 838 2419 lucinianum.

128 2449 216 2507 lesus
230 2452 266 2485 ¹⁸⁷
290 2452 363 2509 lilius
382 2453 516 2511 iosedecb
532 2455 659 2513 sacerdm
677 2470 790 2527 magnus
808 2472 894 2528 arran·

96 2558 180 2614 quam
193 2545 296 2617 intppu
310 2547 345 2580 ¹⁸⁸
357 2548 530 2617 praecesserit
553 2548 709 2614 salvatoris,
730 2549 776 2619 qni
801 2559 894 2606 nostra

97 2644 213 2702 peccata
228 2637 349 2706 portarit
362 2648 389 2694 et
413 2638 595 2709 alienigenam
605 2640 657 2695 sibi
668 2640 835 2711 exgentibus
850 2656 894 2695 m-

96 2727 204 2795 pularit
216 2728 375 2796 ecclesiam,
385 2739 476 2787 tamen
491 2730 640 2786 seeundum
653 2730 758 2786 literam
771 2740 833 2801 post
847 2747 893 2785 sa·

99 2820 257 2875 cerdonum
270 2820 425 2877 sordidatus
440 2822 587 2888 inducitur,
602 2832 632 2878 et
655 2832 710 2877 stat
725 2823 759 2855 ¹⁸³
772 2822 894 2879 diabolus

96 2924 113 2963 a
127 2909 239 2965 dextris
252 2911 323 2982 ejus,
336 2920 365 2968 et
386 2913 500 2969 candida
529 2912 570 2967 llll
594 2912 721 2983 deinceps
733 2913 894 2969 vestimenta

97 3001 269 3057 redduntur.

112 3090 144 3146 C.
162 3091 240 3147 xxt.
257 3091 312 3147 Per
328 3096 508 3165 penitentiam
524 3095 616 3152 altrici
636 3100 747 3151 correcti
765 3097 876 3167 pradum

281 3180 359 3220 rauna
370 3178 394 3220 et
405 3167 560 3237 dignitatem
576 3169 716 3237 recipiant.

183 3253 259 3309 Item
270 3271 305 3311 ea
316 3256 437 3315 Concilio
455 3258 617 3329 dgatbensi,
633 3275 691 3329 cup.
704 3260 723 3313 1
749 3260 795 3314 ¹⁸⁰.

128 3344 320 3403 contnniaces
336 3348 441 3416 clerici,
454 3361 537 3419 prout
560 3350 700 3422 dignitatis
711 3352 781 3407 ordo
793 3354 893 3421 permi-

91 3438 172 3504 serit,
192 3439 233 3493 ab
250 3440 387 3511 episcopis
401 3442 435 3475 ¹⁸¹
452 3442 624 3513 corrigantur
635 3443 679 3509 ¹⁸¹,
690 3454 718 3499 et
730 3445 752 3499 si
763 3446 808 3515 qul
822 3447 894 3515 prio-

95 3532 132 3587 ris
148 3532 261 3603 gradus
286 3534 351 3591 elati
376 3536 505 3609 snperbia
531 3538 750 3594 communionem
778 3536 894 3593 fortasse

90 3628 300 3681 contemserint
312 3628 357 3693 ¹⁸¹,
373 3640 421 3683 aut
433 3631 576 3688 ecclesiam
595 3631 768 3703 frequentare
778 3633 821 3687 uel
835 3632 893 3688 odi·

92 3717 168 3771 cium
181 3734 269 3775 suum
285 3720 400 3791 implere
411 3724 590 3796 neglexerint.
607 3726 749 3797 peregrina
760 3725 800 3779 eis
814 3740 892 3781 com·

91 3814 193 3869 monio
219 3814 373 3883 tribuatur;
385 3816 434 3882 lta,
448 3827 477 3871 ut
495 3833 580 3887 quum
594 3833 642 3875 aas
656 3818 816 3889 paenitentia
830 3832 892 3873 cor·

89 3908 214 3973 rexerit,
237 3908 365 3979 rescripti
381 3910 408 3965 in
422 3912 562 3981 matricula
577 3912 691 3985 gradum
710 3926 789 3966 suum
804 3910 892 3979 digni·

87 4007 240 4071 uteunque
250 4001 401 4073 recipiant.

943 1897 1085 1953 honorem.
1109 1898 1161 1954 Sed
1191 1900 1231 1955 sic
1255 1900 1357 1955 dictum
1391 1911 1434 1957 cst
1459 1913 1569 1973 propter
1596 1902 1735 1960 simulatas

942 1987 1116 2055 poenltentlas
1127 1989 1308 2057 qrrorundam,
1326 2000 1475 2063 eapropter
1490 1992 1630 2049 allecturus
1645 1994 1732 2049 horro-

944 2092 1004 2131 rum
1021 2076 1178 2149 dignitates.
1200 2098 1210 2133 r

1171 2190 1204 2247 C.
1218 2190 1313 2246 xllll.
1328 2191 1439 2249 nebus
1457 2194 1502 2248 ¹⁸⁹.

981 2320 992 2353 n
1008 2300 1141 2359 Summos
1150 2303 1259 2371 quidem
1271 2304 1293 2359 si
1304 2304 1479 2370 cadlt‚nalet‚
1491 2314 1518 2360 et
1531 2305 1611 2360 babet
1622 2306 1733 2362 restitu-
1752 2355 1759 2369 ,

944 2390 1027 2446 lionis
1041 2390 1131 2447 locum
1145 2401 1208 2462 post
1220 2395 1330 2465 dignam
1346 2396 1380 2429 ¹¹⁰
1395 2406 1532 2465 peractam
1548 2397 1734 2465 poenitcutiam

944 2484 972 2539 in
983 2482 1224 2563 bonoremsuurn,
1237 2486 1373 2555 Propheta
1389 2498 1537 2547 attestante
1552 2490 1596 2556 ¹³¹,
1611 2492 1657 2561 qui
1672 2489 1710 2545 ait
1725 2507 1733 2545 ε

945 2576 1083 2647 Narnrgur'd
1106 2582 1152 2651 gui
1175 2582 1247 2635 eadit
1269 2582 1302 2615 ¹⁸¹
1322 2600 1373 2637 uon
1392 2584 1516 2653 adjiciet,
1538 2594 1566 2640 ut
1593 2588 1735 2656 resrrrpatl

944 2668 979 2725 br
992 2668 1024 2725 ll.
1037 2667 1185 2739 Gregorius
1200 2673 1252 2727 boc
1266 2672 1332 2728 dicit
1345 2674 1378 2727 ad
1391 2672 1573 2729 Secundinum
1590 2675 1733 2743 inclusum,

944 2762 1063 2817 amicum
1091 2779 1169 2819 suurn
1188 2780 1194 2819 :
1211 2765 1299 2821 Etiam
1326 2766 1361 2820 ab
1389 2768 1447 2837 ipso
1474 2766 1607 2837 Propbeta
1634 2770 1660 2823 in
1683 2770 1735 2827 boc

944 2865 1135 2922 argumentum
1158 2854 1301 2920 lichenas.
1324 2857 1386 2926 qui,
1408 2872 1491 2927 girum
1518 2866 1579 2926 post
1597 2868 1735 2928 pernotum

944 2944 1108 3003 adulterium
1129 2957 1158 3004 et
1182 2947 1355 3005 liornleidiurn
1379 2950 1545 3019 perpetravit
1569 2949 1617 3015 ¹⁸³,
1646 2960 1734 3005 tannen

945 3048 1039 3107 postea
1053 3050 1161 3109 peracta
1175 3041 1253 3112 digna
1268 3042 1426 3112 poerdtcutin
1445 3040 1553 3112 perlici
1572 3044 1687 3113 gratiam
1701 3042 1735 3097 ad

946 3132 1094 3201 pristinum
1107 3132 1226 3189 officium
1239 3134 1399 3189 restituitur.
1415 3152 1424 3187 r

981 3224 1015 3281 lll
1045 3224 1123 3285 Pars.
1161 3225 1283 3283 Gratian.
1311 3226 1449 3292 Quourodo
1475 3228 1555 3298 igitur
1584 3226 1735 3297 liujurmodi

946 3318 1138 3372 auctoritatum
1170 3318 1333 3373 dissonantia
1363 3320 1397 3373 ad
1426 3322 1593 3375 carrcordiam
1619 3320 1735 3375 reuocari

945 3408 1040 3475 ualeat,
1061 3410 1171 3471 breuiter
1184 3411 1367 3481 inspiciamus.
1384 3410 1453 3466 Sunt
1470 3412 1587 3483 quidum,
1602 3428 1666 3481 quoa
1684 3428 1736 3466 uon

944 3504 1035 3557 odium
1047 3504 1177 3569 criminis,
1195 3505 1240 3561 sed
1258 3506 1337 3560 timor
1351 3506 1460 3559 uilitatir
1475 3517 1498 3559 et
1516 3508 1623 3561 aruissio
1636 3508 1735 3577 proprii

944 3596 1044 3664 gradus
1055 3606 1079 3649 et
1090 3597 1198 3650 ambitio
1211 3596 1326 3652 celsioris
1342 3598 1376 3651 ad
1390 3598 1565 3667 poenitentium
1580 3600 1657 3668 cogit.
1679 3597 1735 3653 ilos

944 3688 1015 3741 sacri
1035 3702 1147 3742 cationes
1163 3688 1401 3758 irrecuperabiliter
1416 3689 1450 3722 ¹⁸⁸
1463 3690 1601 3761 dejiciunt,
1615 3692 1677 3761 quin
1689 3692 1736 3762 qui

944 3786 1113 3842 simulatione
1126 3790 1283 3858 penitentie
1298 3790 1336 3844 cel
1350 3790 1517 3861 affectatione
1533 3792 1640 3845 lionoris
1652 3811 1668 3845 a
1680 3792 1735 3846 Deo

945 3894 997 3932 aaa
1010 3880 1179 3950 consequitur
1196 3881 1310 3948 ueniam,
1323 3896 1368 3935 nee
1383 3883 1415 3937 ab
1427 3882 1534 3939 eeclesia
1545 3884 1736 3953 raparationem

944 3980 1069 4027 meretur.

679 4089 898 4148 nonullo-nus
915 4086 1187 4146 cottuucrondtl.

122 4180 157 4238 (2.
170 4182 262 4239 xxn.
278 4184 293 4223 ¹¹
307 4182 440 4241 Dicemus
451 4203 460 4240 :
471 4185 640 4257 Sequebatur
650 4186 679 4240 ⁶:
692 4196 738 4239 aut
749 4183 892 4239 subdiaco-
908 4186 934 4244 D
948 4182 1086 4249 Quomodo
1102 4184 1202 4253 igitur,·
1221 4195 1285 4240 sunt
1300 4196 1389 4240 tannen
1405 4187 1431 4239 in
1446 4186 1548 4251 multu,
1564 4196 1646 4257 atoue
1660 4189 1687 4243 in
1703 4188 1736 4245 iis

85 4270 151 4316 aaa,
187 4268 234 4309 uae
246 4255 309 4309 une
326 4256 458 4311 dictiones
473 4266 617 4327 expunctae
634 4268 706 4321 sunt,
723 4258 785 4325 qula
803 4269 891 4323 neque
945 4254 1066 4323 quidem,
1084 4254 1209 4324 aqrribus
1230 4256 1388 4327 plerumque
1408 4256 1495 4313 Pnlcae
1514 4258 1620 4313 absunt.
1643 4260 1682 4313 dc
1696 4258 1737 4312 vi·

87 4325 162 4393 apud
206 4325 329 4380 artinnm
344 4335 393 4380 aut
409 4326 596 4382 Burcbardum
607 4327 786 4391 autlnonem,
800 4339 891 4395 neque
945 4326 1046 4379 dentur
1060 4339 1173 4379 sunnnae
1187 4328 1310 4395 quaedam
1323 4330 1420 4396 purtim
1438 4330 1645 4396 praecedentium
1662 4330 1737 4399 capi-

84 4396 114 4449 ia
130 4397 192 4449 ant·
216 4396 261 4449 uis
275 4392 399 4451 Gratiani
415 4397 556 4452 codicibus
570 4398 714 4453 habentur.
947 4404 1003 4447 tum
1015 4412 1021 4448 :
1033 4392 1227 4459 Ponderet,ot:
1244 4395 1313 4461 Quia
1324 4399 1459 4465 sanctitas,
1469 4398 1567 4467 parlim
1578 4400 1735 4468 sequentis:

78 4518 84 4527 ,
121 4465 155 4519 C.
174 4465 203 4521 X
243 4465 275 4519 ll.
293 4468 303 4507 ¹
321 4464 465 4521 Paleasln
479 4468 584 4537 aliquot
596 4468 712 4523 vetuistis
727 4465 891 4537 exemplari·
946 4462 981 4518 tu
1008 4466 1226 4529 constitueretur,
1244 4468 1316 4537 qnod
1339 4468 1454 4523 rcicrtur
1473 4483 1506 4521 ex
1529 4468 1679 4539 Augustino
1702 4470 1734 4521 ad

84 4535 139 4591 bus
151 4534 286 4591 (imtiani
301 4536 344 4591 liar
357 4536 416 4592 dum
435 4537 523 4593 Paleae
538 4554 592 4593 non
607 4538 752 4605 habeatur,
771 4538 818 4592 sed
832 4546 894 4606 post
946 4534 1127 4591 Bouilacium.
1148 4537 1237 4607 Atque
1259 4536 1320 4591 inde
1339 4538 1424 4609 potuit
1445 4538 1472 4595 in
1493 4538 1543 4593 bas
1561 4538 1656 4594 Paleas
1678 4540 1736 4593 lraec

83 4608 174 4663 linem
187 4607 292 4678 capitis
302 4607 326 4661 ri
336 4608 394 4677 guia
404 4609 550 4679 presbyter,
564 4610 685 4680 sequitur
695 4610 889 4665 continenter:
946 4605 1043 4661 eadem
1060 4606 1181 4678 irrepere
1196 4609 1296 4664 citatio.

119 4909 208 4966 liras.
225 4909 256 4965 l..
277 4909 309 4967 C.
329 4910 424 4967 xtltl.
460 4914 495 4946 ¹³¹
506 4912 552 4985 gui
567 4913 654 4985 :orig
668 4932 706 4968 ::
716 4915 747 4970 C.
760 4914 829 4969 xlx.
871 4913 945 4968 υ1111
960 4914 1024 4971 coll.
1049 4914 1172 4971 dnsclmi
1186 4914 1315 4969 tribuitur
1330 4914 1489 4984 Augustino,
1505 4916 1576 4983 quod
1588 4912 1655 4971 llud
1671 4918 1732 4971 coll.

80 4997 110 5037 o.
131 4981 348 5038 suntimitatae.
388 4984 660 5039 ¹⁸⁸Aninraduertite:
680 4984 864 5041 Eddcollo.
904 4984 939 5017 ¹³⁸
958 4986 1060 5041 Psalrn.
1081 4986 1125 5049 50,
1146 4984 1379 5041 v.s.=c.xx
1415 4986 1541 5041 ¹⁸'Zacb.
1562 5002 1589 5042 c.
1609 4986 1733 5041 5.-cl.

82 5051 153 5107 inlr.
177 5052 483 5121 undeuuanda
514 5054 549 5086 ¹⁸⁸
561 5054 623 5109 add.
644 5070 654 5108 .·
673 5056 833 5110 aemulum:
848 5056 914 5113 Edd.
932 5057 994 5111 coll.
1015 5071 1042 5110 o.
1059 5054 1093 5087 ¹⁸⁰
1107 5066 1175 5109 astar
1189 5069 1198 5106 .·
1210 5056 1277 5109 Edd.
1291 5054 1353 5112 call.
1371 5069 1396 5108 o.
1420 5071 1479 5112 erc.
1495 5056 1556 5112 lias.
1568 5056 1645 5111 :li-
1661 5054 1732 5111 xxl.

82 5120 121 5153 ¹⁸⁴
137 5122 212 5178 bab.
233 5124 267 5175 d.
285 5122 350 5178 566.
370 5156 405 5166 -
424 5126 470 5181 lvo
486 5126 563 5180 licur-
583 5139 609 5194 p.
624 5124 651 5190 6,
667 5140 692 5180 c.
711 5125 774 5181 366.
790 5157 825 5167 —
839 5126 927 5195 Capit.
944 5126 962 5179 l.
978 5126 1005 5194 7,
1020 5142 1045 5181 c.
1061 5124 1123 5179 etl.
1164 5127 1197 5157 ¹⁸¹
1212 5126 1352 5194 episeopo:
1368 5126 1436 5179 Edd.
1449 5128 1510 5182 coll.
1522 5142 1549 5183 o.
1565 5142 1607 5198 pr.
1628 5125 1691 5182 lias.
1706 5135 1735 5181 et

78 5193 155 5259 arg.
200 5190 590 5264 ¹⁸’cerripianturtlidllas
630 5195 665 5227 ¹⁸⁸
679 5198 854 5262 contemserit,
875 5208 902 5252 et
921 5196 1050 5253 sicerum.
1066 5196 1135 5266 sing.
1155 5194 1310 5265 deinceps:
1331 5196 1381 5251 Ed.
1397 5196 1461 5253 lias.
1480 5216 1516 5248 =
1533 5195 1565 5252 C.
1580 5194 1662 5251 xxti.
1698 5195 1734 5230 ¹⁶⁸

79 5277 109 5316 c.
140 5262 195 5326 2¹,
226 5277 303 5318 conc.
332 5266 433 5337 Ancyr.
461 5280 494 5321 ex
520 5266 635 5335 interpr.
667 5265 776 5321 llartini
804 5266 894 5333 lirae..
922 5268 988 5339 Gap.
1019 5282 1046 5322 c.
1074 5264 1119 5320 ll.
1149 5295 1184 5305 -
1211 5264 1315 5337 Regino
1342 5267 1360 5320 l.
1385 5268 1412 5331 1,
1446 5283 1471 5322 c.
1499 5264 1562 5321 511.
1582 5266 1682 5323 Burcb.
1713 5267 1733 5323 l.

78 5331 110 5398 5,
138 5348 170 5388 c.
201 5332 264 5388 179.
283 5333 329 5390 lro
349 5335 430 5391 ilecr.
447 5353 475 5407 p.
499 5338 526 5400 5,
553 5353 578 5392 c.
608 5336 675 5401 illl,
703 5350 736 5390 ec
756 5352 828 5391 cone.
848 5336 960 5393 Bracae.
979 5336 1021 5391 ll.
1050 5368 1085 5378 -
1111 5335 1156 5391 lvo
1184 5338 1244 5391 ead.
1271 5351 1296 5392 c.
1327 5336 1379 5391 175
1403 5352 1410 5389 :
1435 5354 1467 5391 etr
1490 5336 1618 5392 ilar-tino.
1654 5341 1734 5395 'nec

80 5414 185 5457 tamen
204 5402 273 5459 Edd.
287 5403 352 5475 Arg.
367 5414 395 5461 ct
407 5405 471 5461 Bas.
508 5406 773 5461 ¹“dimittendurert
788 5426 797 5461 :
812 5406 868 5462 lvo.
884 5438 918 5447 -
934 5408 999 5462 Edd.
1016 5406 1078 5462 coll.
1094 5421 1120 5461 o.
1160 5404 1194 5436 ¹⁸⁸
1208 5407 1231 5460 ri
1249 5407 1276 5459 iu
1286 5423 1333 5461 suo
1354 5408 1433 5477 recipi
1446 5408 1536 5462 debeat
1549 5410 1643 5475 gradu,
1657 5410 1733 5478 pala,
1779 5419 1787 5437 ·

78 5481 139 5527 etc.
161 5490 170 5525 :
190 5473 263 5527 utu.
276 5475 341 5529 coll.
357 5490 383 5531 o.
396 5492 430 5532 es
443 5478 534 5532 lrone.
547 5506 582 5517 —
596 5479 677 5532 rerba
693 5495 701 5531 :
719 5488 746 5531 ut
758 5477 849 5531 deleat
865 5477 984 5533 :acolt
1000 5476 1077 5547 llisp
1089 5477 1195 5531 absunt.
1233 5476 1266 5510 ¹⁴⁷
1281 5478 1449 5545 tridecimo,
1479 5478 1531 5531 uod
1545 5478 1577 5530 tle
1594 5491 1664 5531 saer.
1683 5480 1733 5531 alt.

76 5544 329 5609 intaminaverint,
339 5545 367 5599 id
378 5562 438 5601 cum
450 5548 563 5617 epitomii
577 5562 587 5600 .·
602 5547 669 5603 call.
682 5545 949 5619 llisp.=c.lllttl.
988 5546 1021 5580 ¹⁸⁸
1034 5548 1083 5618 Ep.
1099 5547 1151 5603 185
1173 5547 1358 5619 (scr.d.lll)
1381 5546 1431 5600 lid.
1475 5544 1619 5602 aar.=C.
1635 5544 1734 5599 xxiv.

78 5614 117 5646 ¹⁸⁰
131 5614 176 5670 ci.
197 5613 252 5683 Ep.
267 5615 492 5673 custodium.
504 5617 524 5672 l.
539 5626 567 5671 et
583 5618 704 5687 spurium
719 5616 816 5689 iragm.
832 5619 864 5672 de
881 5618 962 5689 lapsis
983 5621 1052 5689 apud
1072 5616 1152 5689 Greg.
1169 5620 1203 5672 ad
1224 5618 1339 5673 Secund.
1353 5616 1454 5685 (super.
1469 5632 1493 5673 c.
1510 5616 1554 5685 lb)
1578 5616 1651 5695 undo¹
1676 5616 1734 5673 baee

78 5694 153 5740 aunt
169 5693 321 5755 excerpta.
340 5687 419 5741 -ln
434 5687 579 5743 Eddcoll.
595 5704 622 5744 o.
635 5690 745 5745 nomine
758 5689 900 5759 Augustini
914 5688 1154 5744 circumferuntur.
1191 5688 1226 5720 ¹¹⁰
1240 5690 1302 5743 add.
1321 5697 1367 5741 :et
1383 5700 1392 5739 :
1409 5688 1456 5741 lid.
1472 5686 1534 5742 Bas.
1572 5686 1603 5717 ¹⁸¹
1621 5684 1732 5741 llrerom

77 5773 104 5811 c.
119 5758 153 5812 8.
201 5754 514 5815 ”teramnensem
550 5757 800 5830 ¹⁸⁸perpetruttib.
816 5758 997 5815 -t’.lll.-
1035 5756 1441 5831 ¹¹²irrepraraliliter:lirl.lias.

281 5869 655 5957 nariouctxxnvn.
1474 5869 1494 5929 ⁹
